<html lang="en" data-local-env="" data-appversion="v4711" data-di-loaded="1" style=""><head data-ss-variation-applied="0"><link rel="preload" as="script" href="//rumcdn.geoedge.be/36554418-bc16-436a-bf37-d3dbe9729d2c/grumi.js"><script async="" type="text/javascript" src="https://www.googletagservices.com/tag/js/gpt.js"></script><script async="" type="text/javascript" src="https://www.googletagservices.com/tag/js/gpt.js"></script><script async="" type="text/javascript" src="https://www.googletagservices.com/tag/js/gpt.js"></script><script async="" type="text/javascript" src="https://www.googletagservices.com/tag/js/gpt.js"></script><script type="text/javascript" async="" src="https://analytics.tiktok.com/i18n/pixel/static/main.MTdjYzNiZDU2NA.js" data-id="C4ECVKO8LA0ND2JPGDG0"></script><script type="text/javascript" async="" src="https://analytics.tiktok.com/i18n/pixel/events.js?sdkid=C4ECVKO8LA0ND2JPGDG0&amp;lib=ttq"></script><script src="https://content.syndigo.com/site/f394101a-2ad0-487d-8ef5-6011b9a944d3/syndi.min.mjs?cv=472460" type="module"></script><script type="text/javascript" async="" src="https://syndi.webcollage.net/site/asdagrocery/tag.js?cv=19685"></script><script async="" type="text/javascript" src="https://www.googletagservices.com/tag/js/gpt.js"></script><script type="text/javascript" async="" src="https://analytics.tiktok.com/i18n/pixel/static/main.MTdjYzNiZDU2NA.js" data-id="C4ECVKO8LA0ND2JPGDG0"></script><script type="text/javascript" async="" src="https://analytics.tiktok.com/i18n/pixel/events.js?sdkid=C4ECVKO8LA0ND2JPGDG0&amp;lib=ttq"></script><script async="true" src="https://tr.snapchat.com/config/com/9ada73d7-cf96-4c9f-979f-502176e69bbd.js?v=3.6.0-2311172034" crossorigin="anonymous"></script><script type="text/javascript" async="" src="https://analytics.tiktok.com/i18n/pixel/static/main.MTdjYzNiZDU2NA.js" data-id="C4ECVKO8LA0ND2JPGDG0"></script><script async="" type="text/javascript" src="https://www.googletagservices.com/tag/js/gpt.js"></script><script async="" type="text/javascript" src="https://www.googletagservices.com/tag/js/gpt.js"></script><script async="" type="text/javascript" src="https://www.googletagservices.com/tag/js/gpt.js"></script><script type="text/javascript" async="" src="//haq81g6w.micpn.com/p/js/1.js"></script><script type="text/javascript" async="" src="https://bat.bing.com/bat.js"></script><script type="text/javascript" async="" src="https://analytics.tiktok.com/i18n/pixel/events.js?sdkid=C4ECVKO8LA0ND2JPGDG0&amp;lib=ttq"></script><script src="https://connect.facebook.net/signals/config/4061098800584026?v=2.9.138&amp;r=stable&amp;domain=groceries.asda.com" async=""></script><script async="" src="https://connect.facebook.net/en_US/fbevents.js"></script><script type="text/javascript" async="" src="https://sc-static.net/scevent.min.js"></script><script type="text/javascript" async="" src="https://static.ads-twitter.com/uwt.js"></script><script type="text/javascript" async="" src="https://www.google-analytics.com/analytics.js"></script><script type="text/javascript" async="" src="https://www.googletagmanager.com/gtag/js?id=G-3T6DQ0864N&amp;l=dataLayer&amp;cx=c"></script><script async="" src="//cdn.decibelinsight.net/i/13214/58569/di.js"></script><script async="" type="text/javascript" charset="UTF-8" src="https://assets.adobedtm.com/f11e58c197b0/5d366c2230bc/launch-cf423806b055.min.js"></script><script async="" type="text/javascript" charset="UTF-8" src="https://z.moatads.com/wnsheader634375260002/moatheader.js"></script><script defer="" type="text/javascript" charset="UTF-8" src="//dynamic.criteo.com/js/ld/ld.js?a=44800"></script><script async="" src="https://www.googletagmanager.com/gtm.js?id=GTM-MDCJ74D"></script><script async="" type="text/javascript" charset="UTF-8" data-domain-script="45546de4-f7f0-4d61-9ce8-aa4ccbd8c95b" src="https://cdn.cookielaw.org/scripttemplates/otSDKStub.js"></script><script>(function(){ window.SS = window.SS || {}; SS.Require = function (callback){ if (typeof callback === 'function') { if (window.SS && SS.EventTrack) { callback(); } else { var siteSpect = document.getElementById('siteSpectLibraries'); var head = document.getElementsByTagName('head')[0]; if (siteSpect === null && typeof head !== 'undefined') { siteSpect = document.createElement('script'); siteSpect.type = 'text/javascript'; siteSpect.src = '/__ssobj/core.js+ssdomvar.js+generic-adapter.js';siteSpect.async = true; siteSpect.id = 'siteSpectLibraries'; head.appendChild(siteSpect); } if (window.addEventListener){ siteSpect.addEventListener('load', callback, false); } else { siteSpect.attachEvent('onload', callback, false); } } } };})(); </script><script type="application/ld+json">{
      "@context": "https://schema.org",
      "@type": "WebSite",
      "url": "https://groceries.asda.com",
      "potentialAction": {
        "@type": "SearchAction",
        "target": "https://groceries.asda.com/search/{search_term_string}",
        "query-input": "required name=search_term_string"
      }
    }</script><script>function changeBackground(){
      if(window.location.href.includes('/chatbot') && navigator.appVersion.indexOf('Android') !== -1){
        document.body.className = "background-apps";
      }
    };</script><script>(function(w,d,s) {
    if(window.location.href.includes('/chatbot')) { return null}
    var host = location.host;
    var source = "https://cdn.cookielaw.org/scripttemplates/otSDKStub.js";
    var dds = '45546de4-f7f0-4d61-9ce8-aa4ccbd8c95b';
    dds = location.host === 'groceries.asda.com' ? dds : dds + '-test';
    var f=d.getElementsByTagName(s)[0],j=d.createElement(s);
    if (document.cookie.indexOf("ONETRUST_DEFER") !== -1) {
      j.defer=true;
    } else {
      j.async = true;
    }
    j.type="text/javascript";
    j.charset='UTF-8';
    j.setAttribute('data-domain-script',dds)
    j.src=source;
    f.parentNode.insertBefore(j,f);
  })(window,document,'script');</script><script>function OTBannerAnalytics() {
    var e = new CustomEvent('OTBannerDisplayed');
    if (window.co && window.co.analyticsData) {
      setTimeout(function(){
        window.dispatchEvent(e);
      },500)
      return false
    }
    window.addEventListener('triggerSignal', function () {
      if (window.isBannerShown) return false;
      setTimeout(function(){
        window.dispatchEvent(e);
      },500)
      window.isBannerShown = true;
    });
  }

  function OptanonWrapper() {
    // OneTrust banner popup start
    const onetrustBanner = document.querySelector('#onetrust-consent-sdk')
    onetrustBanner.classList.add("onetrust-consent-sdk-box");

    if (document.cookie.indexOf('OptanonAlertBoxClosed') === -1) {
      onetrustBanner && onetrustBanner.setAttribute('data-apply-ot-banner-popup', 'true')
      OTBannerAnalytics()
    } else {
      onetrustBanner && onetrustBanner.setAttribute('data-apply-ot-banner-popup', 'false')
    }
    // OneTrust banner popup end
 }</script><script>(function(w,d,s,l) {
      var gtm = location.host === 'groceries.asda.com' ? 'GTM-MDCJ74D' : 'GTM-5C6V5WG'
      w[l]=w[l]||[];
      w[l].push({'gtm.start':new Date().getTime(),event:'gtm.js'});
      var f=d.getElementsByTagName(s)[0],j=d.createElement(s),dl=l!='dataLayer'?'&l='+l:'';
      j.async=true;
      j.src='https://www.googletagmanager.com/gtm.js?id='+gtm+dl;
      f.parentNode.insertBefore(j,f);
    })(window,document,'script','dataLayer');</script><meta charset="utf-8"><meta http-equiv="x-ua-compatible" content="ie=edge"><meta name="distribution" content="global"><meta name="rating" content="general"><meta name="viewport" content="width=device-width,initial-scale=1"><link rel="icon" sizes="192x192" href="/browse_app_assets/icons/icon_192x192.png"><link rel="apple-touch-icon" href="/browse_app_assets/icons/ios/icon_192x192.png"><meta name="google-site-verification" content="Qqw7MCGPTZDyFLQni1CsSwXSAU2d5i_vuKk9EYhYUuQ"><meta name="facebook-domain-verification" content="4evh9nhc1n8vmrv0j0w6y5h3p6un55"><meta http-equiv="x-dns-prefetch-control" content="on"><link rel="dns-prefetch" href="bam.nr-data.net.com"><link rel="dns-prefetch" href="//ui3.assets-asda.com"><link rel="dns-prefetch" href="//ui.assets-asda.com"><link rel="dns-prefetch" href="//asdagroceries.scene7.com"><link rel="dns-prefetch" href="i.groceries.asda.com"><link rel="dns-prefetch" href="beacon.groceries.asda.com"><link rel="dns-prefetch" href="b.wal.co"><link rel="dns-prefetch" href="omniture.groceries.asda.com"><link rel="dns-prefetch" href="//z.moatads.com"><link rel="dns-prefetch" href="//assets.adobedtm.com"><link rel="dns-prefetch" href="//www.googletagmanager.com"><link rel="dns-prefetch" href="//www.googletagservices.com"><link rel="dns-prefetch" href="//cdn.cookielaw.org"><link rel="dns-prefetch" href="servedby.flashtalking.com"><link rel="dns-prefetch" href="b.criteo.com"><link rel="dns-prefetch" href="cdn.decibelinsight.net"><link rel="dns-prefetch" href="https://b.hlserve.com"><link rel="dns-prefetch" href="https://www.hlserve.com"><link rel="dns-prefetch" href="https://sslwidget.criteo.com"><link rel="dns-prefetch" href="https://widget.eu.criteo.com"><link rel="dns-prefetch" href="https://rscdn.storetail.net"><link rel="dns-prefetch" href="https://static.criteo.net"><link rel="dns-prefetch" href="https://gum.criteo.com"><link rel="preload" href="/browse_app_assets/js/bundle.runtime.696ed6f3eefd044316f5.js" as="script"><link rel="preload" href="/browse_app_assets/js/bundle.vendor.8bd7e32ece99bde8fed9.js" as="script"><link rel="preload" href="/browse_app_assets/js/bundle.24.7f3790e206d97ace7b1b.js" as="script"><link rel="preload" href="/browse_app_assets/js/bundle.app.b50e26980aa5f2e59ea8.js" as="script"><link rel="preload" href="/browse_app_assets/js/bundle.commonComponents.f5eb9fc1fdad4a4ace24.js" as="script"><link rel="preload" href="/browse_app_assets/css/styles.24.7f3790e206d97ace7b1b.css" as="style"><link rel="preload" href="/browse_app_assets/css/styles.app.b50e26980aa5f2e59ea8.css" as="style"><script defer="defer" src="/browse_app_assets/js/bundle.runtime.696ed6f3eefd044316f5.js"></script><script defer="defer" src="/browse_app_assets/js/bundle.vendor.8bd7e32ece99bde8fed9.js"></script><script defer="defer" src="/browse_app_assets/js/bundle.24.7f3790e206d97ace7b1b.js"></script><script defer="defer" src="/browse_app_assets/js/bundle.app.b50e26980aa5f2e59ea8.js"></script><script defer="defer" src="/browse_app_assets/js/bundle.commonComponents.f5eb9fc1fdad4a4ace24.js"></script><link href="/browse_app_assets/css/styles.24.7f3790e206d97ace7b1b.css" rel="stylesheet"><link href="/browse_app_assets/css/styles.app.b50e26980aa5f2e59ea8.css" rel="stylesheet"><meta name="theme-color" content="#68A51C"><link rel="manifest" href="/manifest.json" crossorigin="use-credentials"><style>@media (min-device-width: 768px) and (max-device-width: 1280px) {
  .background-apps {
    background: rgba(118, 118, 118, 0.5);
  }
}</style><script>window._pxAppId = 'PX1UGLZTko'</script><script src="https://cdn.cookielaw.org/scripttemplates/6.29.0/otBannerSdk.js" async="" type="text/javascript"></script><script async="async" defer="defer" src="/px/PX1UGLZTko/init.js"></script><script>
    window.SS && SS.Require(function(){
        window.addEventListener('triggerSignal', function () {
            if (window.SS && document.location.pathname.indexOf('/checkout') >= 0) {
                if (window.co && window.co.analyticsData && window.SS) {
                    var d = window.co.analyticsData;
                    if (d.isPageview == true) {
                        //var n = d.pageName.replace(/[^a-z0-9]/gi, '');
                        //SS.EventTrack.rp('CheckoutPageView', n);
                        if (document.location.pathname.indexOf('/checkout/confirmation') >= 0) {
                            var c = {};
                            c["bId"] = d.orderId;
                            c["Total"] = d.orderTotal;
                            c["subTotal"] = d.orderSubTotal;
                            c["Qty"] = d.uniqueUnits;
                            c["Units"] = d.units;
                            c["Type"] = d.orderType;
                            c["Delivery"] = d.slotType;
                            SS.EventTrack.rp("CheckoutPageView-CheckoutOrderConfirmation");
                            SS.EventTrack.rp("orderConfirm", c);
                        } else if(document.location.pathname.indexOf('/checkout/before-you-go') >= 0){
                            SS.EventTrack.rp("CheckoutPageView-CheckoutBeforeYouGo");
                        } else if(document.location.pathname.indexOf('/checkout/book-slot') >= 0){
                            SS.EventTrack.rp("CheckoutPageView-CheckoutBookSlot");
                        } else if(document.location.pathname.indexOf('/checkout/summary') >= 0){
                            SS.EventTrack.rp("CheckoutPageView-CheckoutOrderSummary");
                        }
                    } else {
                        if (d.products && d.products[0].productQuantity && d.products[0].productQuantity > 0) {
                            var c = {};
                            var loc = d.cartLocation.split('>');
                            c["Page"] = loc[0].replace(/[^a-z0-9]/gi, '');
                            c["Loc"] = loc[1].replace(/[^a-z0-9]/gi, '');
                            c["Sec"] = loc[2].replace(/[^a-z0-9]/gi, '');
                            c["Qty"] = d.products[0].productQuantity;
                            c["Price"] = d.products[0].productPrice;
                            SS.EventTrack.rp("checkoutAdd", c);
                        }
                    }
                }
            }
        })
    })
</script><script type="text/javascript" src="/__ssobj/core.js+ssdomvar.js+generic-adapter.js" async="" id="siteSpectLibraries"></script>
<script>
    var SS_Campaigns="66444:2274215,69104:2328515,70535:2361177,77698:2506131,77974:2512743,79102:2543129";
</script>
<script type="text/javascript" data-sitespect="true">window.__sscf=window.__sscf||{};</script>
<script type="text/javascript" data-sitespect="true">
window.__sscf.cf_7868842  = function() {
var apply_attributes=true;if(apply_attributes) {this.setAttribute("data-ssmid",7868825);this.setAttribute("data-ss-metric-name","Clicks_frying-click-1699526207178");}
}
</script>
<script type="text/javascript" data-sitespect="true">
window.__sscf.cf_7353782  = function() {
let parentDivSelector = 'div[data-module-name="P13N (Global Category)"]'; // Update to the Parent div of the element you want to alter.
  let className = "co-item__col1";
  let titles = ["Amber Leaf", "Sterling", "Players Real Red", "Gold Leaf", "L&B Blue"]; // Array of titles to remove

  let parentDiv = document.querySelector(parentDivSelector);
  let lis = parentDiv.querySelectorAll('li');

  let removedElements = [];
  let titleNotFound = false; // Flag to check if title element was not found

  if(titles) {
  for (let i = 0; i < lis.length; i++) {
    let li = lis[i];
    let div = li.querySelector('.' + className);

    if (div) {
      let img = div.querySelector('img');

      // Check if img element exists and has the title attribute
      if (img && img.hasAttribute('title')) {
        let imgTitle = img.getAttribute('title');

        if (titles.includes(imgTitle)) {
          removedElements.push(li.innerText);
          li.parentNode.removeChild(li);
        }
      } else {
        titleNotFound = true;
      }
    }
  }


  }

}
</script>
<script type="text/javascript" data-sitespect="true">
window.__sscf.cf_7868843  = function() {
var apply_attributes=true;if(apply_attributes) {this.setAttribute("data-ssmid",7868828);this.setAttribute("data-ss-metric-name","Clicks_airfrying-click-1699526215994");}
}
</script>
<script type="text/javascript" data-sitespect="true">
window.__sscf.cf_7868834  = function() {
var apply_attributes=true;if(apply_attributes) {this.setAttribute("data-ssmid",7868745);this.setAttribute("data-ss-metric-name","Clicks_FishCakes-click-1699525969322");}
}
</script>
<script type="text/javascript" data-sitespect="true">
window.__sscf.cf_7669707  = function() {
const parentDiv = document.querySelector('.co-product-list__main-cntr');

// Select all its children <li> elements
const liElements = parentDiv.querySelectorAll('li');

// Loop through each <li> element
liElements.forEach(li => {
    // Check if the <li> element contains an <img> element with the specified alt attribute
    const imgElement = li.querySelector('img[alt="Fresh Turkey Pre Order 2023"]');

    if (imgElement) {
        // Select the <div> with class "unavailable-banner unavailable-banner--coming-soon"
        const unavailableBanner = li.querySelector('.unavailable-banner.unavailable-banner--coming-soon');

        if (unavailableBanner) {
            // Select the <span> with class "asda-pill asda-pill--info unavailable-banner__product-status unavailable-banner__product-status--coming-soon"
            const statusSpan = unavailableBanner.querySelector('.asda-pill.asda-pill--info.unavailable-banner__product-status.unavailable-banner__product-status--coming-soon');

            if (statusSpan) {
                // Apply the desired styles to the <span> element
                statusSpan.style.backgroundColor = '#D3B059';
                statusSpan.style.color = 'black';
            }
        }
    }
});

}
</script>
<script type="text/javascript" data-sitespect="true">
window.__sscf.cf_7576194  = function() {
console.log('csf running')
// Define an array of SKUs to check
const skusToCheck = [ "1000091960597",
    "1000383134633",
    "1000383134635",
    "1000383192230",
    "1000383192580",
    "1000383192880",
    "1000383195095",
    "1000383195098",
    "1000383195219",
    "1000383195402",
    "1000383195422",
    "1000383195451",
    "1000383207458",
    "1000383207723",
    "1000383207865"];

// Get the current URL
const currentURL = window.location.href;

// Iterate through the array of SKUs
skusToCheck.forEach(skuToCheck => {
  // Check if the SKU is included in the URL
  if (currentURL.includes(skuToCheck)) {
    // If the SKU is found in the URL, execute the code to modify the element
    const parentDiv = document.querySelector('.pdp-main-details__actions-cntr');

    if (parentDiv) {
      // Find the button within the "tooltip-wrapper" div, which is a child of the parent div
      const button = parentDiv.querySelector('.tooltip-wrapper button');
       const qtyWrapper = parentDiv.querySelector('.update-quantity-button__wrapper');
        const qtyBtn = parentDiv.querySelector('.unit-selector__unit-button');
        const manualInput = parentDiv.querySelector('.manual-input');
        const arrow = parentDiv.querySelector('path[class="asda-icon__draw"]');

      if (button) {
        // Change the background color of the button to gold
        button.style.backgroundColor = '#d3af59';
        button.style.color = 'black';
      }
       if (qtyWrapper) {
            // Apply the desired styles to the button element (background color purple and text color black)
            qtyWrapper.style.backgroundColor = '#d3af59';
            qtyWrapper.style.color = 'black';
        }
        if (qtyBtn) {
            // Apply the desired styles to the button element (background color purple and text color black)
            qtyBtn.style.backgroundColor = 'white';
            qtyBtn.style.color = '#d3af59';
            qtyBtn.style.border = '1px solid #d3af59';
        }
        if (manualInput) {
            manualInput.style.border = '1px solid #d3af59';
            manualInput.style.color = '#d3af59';
        }
        if (arrow && qtyBtn) {
            arrow.style.fill = '#d3af59';
            arrow.style.border = '1px solid red';
            //arrow.style.color = '#d3af59';
        }
    }
  }
});

}
</script>
<script type="text/javascript" data-sitespect="true">
window.__sscf.cf_7576194_6766543 = function() {
// Define an array of SKUs to check
const skusToCheck = [ "1000091960597",
    "1000383134633",
    "1000383134635",
    "1000383192230",
    "1000383192580",
    "1000383192880",
    "1000383195095",
    "1000383195098",
    "1000383195219",
    "1000383195402",
    "1000383195422",
    "1000383195451",
    "1000383207458",
    "1000383207723",
    "1000383207865"];

// Get the current URL
const currentURL = window.location.href;

// Iterate through the array of SKUs
for(let i=0; currentURL.length > i; i++){
    if (currentURL.includes(skusToCheck[i])){
        return true;
    }
}
}
</script>
<script type="text/javascript" data-sitespect="true">
window.__sscf.cf_7868835  = function() {
var apply_attributes=true;if(apply_attributes) {this.setAttribute("data-ssmid",7868811);this.setAttribute("data-ss-metric-name","Click_salmon-click-1699526105628");}
}
</script>
<script type="text/javascript" data-sitespect="true">
window.__sscf.cf_7672219_6766546 = function() {
// Define an array of SKUs to check
const skusToCheck = [ "1000091960597",
    "1000383134633",
    "1000383134635",
    "1000383192230",
    "1000383192580",
    "1000383192880",
    "1000383195095",
    "1000383195098",
    "1000383195219",
    "1000383195402",
    "1000383195422",
    "1000383195451",
    "1000383207458",
    "1000383207723",
    "1000383207865"];

// Get the current URL
const currentURL = window.location.href;

// Iterate through the array of SKUs
for(let i=0; currentURL.length > i; i++){
    if (currentURL.includes(skusToCheck[i])){
        return true;
    }
}
}
</script>
<script type="text/javascript" data-sitespect="true">
window.__sscf.cf_7868838  = function() {
var apply_attributes=true;if(apply_attributes) {this.setAttribute("data-ssmid",7868817);this.setAttribute("data-ss-metric-name","Click_Sticks-click-1699526157802");}
}
</script>
<script type="text/javascript" data-sitespect="true">
window.__sscf.cf_7868841  = function() {
var apply_attributes=true;if(apply_attributes) {this.setAttribute("data-ssmid",7868823);this.setAttribute("data-ss-metric-name","Clicks_BBQ-click-1699526198034");}
}
</script>
<script type="text/javascript" data-sitespect="true">
window.__sscf.cf_7868844  = function() {
var apply_attributes=true;if(apply_attributes) {this.setAttribute("data-ssmid",7868830);this.setAttribute("data-ss-metric-name","Clicks_baking-click-1699526227023");}
}
</script>
<script type="text/javascript" data-sitespect="true">
window.__sscf.cf_7672222_6766398 = function() {
// Define an array of SKUs to check
const skusToCheck = [ "1000091960597",
    "1000383134633",
    "1000383134635",
    "1000383192230",
    "1000383192580",
    "1000383192880",
    "1000383195095",
    "1000383195098",
    "1000383195219",
    "1000383195402",
    "1000383195422",
    "1000383195451",
    "1000383207458",
    "1000383207723",
    "1000383207865"];

// Get the current URL
const currentURL = window.location.href;

// Iterate through the array of SKUs
for(let i=0; currentURL.length > i; i++){
    if (currentURL.includes(skusToCheck[i])){
        return true;
    }
}
}
</script>
<script type="text/javascript" data-sitespect="true">
window.__sscf.cf_7868840  = function() {
var apply_attributes=true;if(apply_attributes) {this.setAttribute("data-ssmid",7868821);this.setAttribute("data-ss-metric-name","Clicks_poaching-click-1699526186489");}
}
</script>
<script type="text/javascript" data-sitespect="true">
window.__sscf.cf_7868839  = function() {
var apply_attributes=true;if(apply_attributes) {this.setAttribute("data-ssmid",7868819);this.setAttribute("data-ss-metric-name","Clicks_prawns-click-1699526168546");}
}
</script>
<script type="text/javascript" data-sitespect="true">
window.__sscf.cf_7868846  = function() {
if(!window.__ss_click_track_listener){window.__ss_click_track_listener=function(e){var metric_name = e.target.getAttribute("data-ss-metric-name");if (!metric_name) { return;}var event_track_value = [metric_name, "click", new Date().getTime()].join("-");if(window.SS){if(SS.Require){SS.Require(function(){SS.EventTrack.rp(metric_name);});}else{SS.EventTrack.rp(metric_name);}}}}document.body.removeEventListener("click", window.__ss_click_track_listener);document.body.addEventListener("click", window.__ss_click_track_listener, true);if (window.__ss_control) {document.body.setAttribute("ss-control", 1);};
}
</script>
<script type="text/javascript" data-sitespect="true">
window.__sscf.cf_7669709  = function() {
// Define an array of SKUs to check
const skusToCheck = [ "1000091960597",
    "1000383134633",
    "1000383134635",
    "1000383192230",
    "1000383192580",
    "1000383192880",
    "1000383195095",
    "1000383195098",
    "1000383195219",
    "1000383195402",
    "1000383195422",
    "1000383195451",
    "1000383207458",
    "1000383207723",
    "1000383207865"];

// Get the current URL
const currentURL = window.location.href;

// Iterate through the array of SKUs
skusToCheck.forEach(skuToCheck => {
  // Check if the SKU is included in the URL
  if (currentURL.includes(skuToCheck)) {
    // If the SKU is found in the URL, execute the code to modify the element
    const parentDiv = document.querySelector('.pdp-main-details__actions-cntr');

    if (parentDiv) {
      // Find the <span> element with the specified class within the parent div
      const statusSpan = parentDiv.querySelector('.asda-pill.asda-pill--info.unavailable-banner__product-status');

      if (statusSpan) {
        // Change the background color of the <span> element to red and text color to black
        statusSpan.style.backgroundColor = '#D3B059';
        statusSpan.style.color = 'black';
      }
    }
  }
});


}
</script>
<script type="text/javascript" data-sitespect="true">
window.__sscf.cf_7509495  = function() {
// Get all <a> elements with the specified class
const anchorElements = document.querySelectorAll('a.seafood-find-square.open-popup-link.bannerLink');

// Iterate through each <a> element
anchorElements.forEach((anchorElement) => {
    // Set the border to none to remove it
    anchorElement.style.border = 'none';

    // Add a mouseenter event listener to change opacity on hover
    anchorElement.addEventListener('mouseenter', () => {
        anchorElement.style.opacity = '0.4'; // Adjust the opacity as needed
    });

    // Add a mouseleave event listener to revert opacity on mouse out
    anchorElement.addEventListener('mouseleave', () => {
        anchorElement.style.opacity = '1'; // Revert to the default opacity
    });
});

}
</script>
<script type="text/javascript" data-sitespect="true">
window.__sscf.cf_7509493  = function() {
const liElements = document.querySelectorAll('.seafood-find-cut-tabs-link.seafood-find-cut-tabs-link-active.bannerLink');

liElements.forEach((li) => {
    const anchorElement = li.querySelector('a');
    // Find the <img> element within the <a>
    const imgElement = anchorElement.querySelector('img');
        // Find the <div> element with the specified class within the <a>
    const imgBorder = anchorElement.querySelector('.seafood-find-cut-tabs-link-image');
        imgBorder.style.backgroundColor = 'transparent';

    // Add a mouseenter event listener to change opacity on hover
    li.addEventListener('mouseenter', () => {
        imgElement.style.opacity = '0.4'; // Adjust the opacity as needed
    });

    // Add a mouseleave event listener to revert opacity on mouse out
    li.addEventListener('mouseleave', () => {
        imgElement.style.opacity = '1';

    });
});

}
</script>
<script type="text/javascript" data-sitespect="true">
window.__sscf.cf_7868837  = function() {
var apply_attributes=true;if(apply_attributes) {this.setAttribute("data-ssmid",7868815);this.setAttribute("data-ss-metric-name","Click_smoked-click-1699526130432");}
}
</script>
<script type="text/javascript" data-sitespect="true">
window.__sscf.cf_7908117  = function() {
const flag = "ss_example";
if (!this.classList.contains(flag)) {
  this.classList.add(flag);
  if (
    this.href ===
    "https://groceries.asda.com/aisle/meat-poultry-fish/fish-seafood/prawns-mussels/1215135760597-1215337195095-1215685901164"
  ) {
    this.addEventListener("click", () => {
      SS.EventTrack.rpSync("click_prawn1");
    });
  } else if (this.href === "https://groceries.asda.com/aisle/meat-poultry-fish/fish-seafood/breaded-fish-fishcakes/1215135760597-1215337195095-1215685462261") {
    this.addEventListener("click", () => {
      SS.EventTrack.rpSync("click_breadedFish");
    });

  } else if (this.href === "https://groceries.asda.com/aisle/meat-poultry-fish/fish-seafood/breaded-fish-fishcakes/1215135760597-1215337195095-1215685462261") {
    this.addEventListener("click", () => {
      SS.EventTrack.rpSync("click_salmon1");
    });

  }else if (this.href === "https://groceries.asda.com/aisle/meat-poultry-fish/fish-seafood/cod-haddock-white-fish/1215135760597-1215337195095-1215685901161") {
    this.addEventListener("click", () => {
      SS.EventTrack.rpSync("click_whiteFish");
    });

  }else if (this.href === "https://groceries.asda.com/aisle/meat-poultry-fish/fish-seafood/cooked-smoked-fillets/1215135760597-1215337195095-1215685901162") {
    this.addEventListener("click", () => {
      SS.EventTrack.rpSync("click_cookedSmoked");
    });

  }else if (this.href === "https://groceries.asda.com/aisle/meat-poultry-fish/fish-seafood/seafood-sticks-cocktails/1215135760597-1215337195095-1215685901163") {
    this.addEventListener("click", () => {
      SS.EventTrack.rpSync("click_seafoodSticks");
    });

} else if (this.href === "#seafood-poaching-popup") {
    this.addEventListener("click", () => {
      SS.EventTrack.rpSync("popup-poaching");
    });
  }else if (this.href === "#seafood-frying-popup") {
    this.addEventListener("click", () => {
      SS.EventTrack.rpSync("popup-frying");
    });

  }else if (this.href === "#seafood-air-frying-popup") {
    this.addEventListener("click", () => {
      SS.EventTrack.rpSync("popup-airfrying");
    });

  }else if (this.href === "#seafood-baking-popup") {
    this.addEventListener("click", () => {
      SS.EventTrack.rpSync("popup-baking");
    });

  }else if (this.href === "#seafood-steaming-popup") {
    this.addEventListener("click", () => {
      SS.EventTrack.rpSync("popup-steaming");
    });

  } else if (this.href === "#seafood-grilling-popup") {
    this.addEventListener('click', () => {
        SS.EventTrack.rpSync("popup-grilling")
    })
  }
}

}
</script>
<script type="text/javascript" data-sitespect="true">
window.__sscf.cf_7868845  = function() {
var apply_attributes=true;if(apply_attributes) {this.setAttribute("data-ssmid",7868832);this.setAttribute("data-ss-metric-name","Clicks_steaming-click-1699526250334");}
}
</script>
<script type="text/javascript" data-sitespect="true">
window.__sscf.cf_7576191  = function() {
// Get a reference to the parent div
const parentDiv = document.querySelector('#main-content > main ');

// Select all its children <li> elements
const liElements = parentDiv.querySelectorAll('li');

// Loop through each <li> element
liElements.forEach(li => {
    // Check if the <li> element contains an <img> element with the specified alt attribute
    const imgElement = li.querySelector('img[alt="Fresh Turkey Pre Order 2023"]');

    if (imgElement) {
        // Select the button within the <div class="co-item__col3"> and apply styles
        const button = li.querySelector('div.co-item__col3 div.co-item__quantity-container div div div div button');
        const incBtn = li.querySelector('.increment-button');
        const decBtn = li.querySelector('.decrement-button');
        const qtyWrapper = li.querySelector('.update-quantity-button__wrapper');
        const qtyBtn = li.querySelector('.unit-selector__unit-button');
        const manualInput = li.querySelector('.manual-input');
        const arrow = li.querySelector('path[class="asda-icon__draw"]');

        if (button) {
            // Apply the desired styles to the button element (background color purple and text color black)
            button.style.backgroundColor = '#d3af59';
            button.style.color = 'black';
        }
        if (incBtn) {
            // Apply the desired styles to the button element (background color purple and text color black)
            incBtn.style.backgroundColor = '#d3af59';
            incBtn.style.color = 'black';
        }
        if (decBtn) {
            // Apply the desired styles to the button element (background color purple and text color black)
            decBtn.style.backgroundColor = '#d3af59';
            decBtn.style.color = 'black';
        }
        if (qtyWrapper) {
            // Apply the desired styles to the button element (background color purple and text color black)
            qtyWrapper.style.backgroundColor = '#d3af59';
            qtyWrapper.style.color = 'black';
        }
        if (qtyBtn) {
            // Apply the desired styles to the button element (background color purple and text color black)
            qtyBtn.style.backgroundColor = 'white';
            qtyBtn.style.color = '#d3af59';
            qtyBtn.style.border = '1px solid #d3af59';
        }
        if (manualInput) {
            manualInput.style.border = '1px solid #d3af59';
            manualInput.style.color = '#d3af59';
        }
        if (arrow && qtyBtn) {
            arrow.style.fill = '#d3af59';
            arrow.style.border = '1px solid red';
            //arrow.style.color = '#d3af59';
        }

    }
});

}
</script>
<script type="text/javascript" data-sitespect="true">
window.__sscf.cf_7868836  = function() {
var apply_attributes=true;if(apply_attributes) {this.setAttribute("data-ssmid",7868813);this.setAttribute("data-ss-metric-name","Click_CodHaddock-click-1699526119598");}
}
</script>

<link rel="stylesheet" type="text/css" href="/browse_app_assets/css/styles.font-face.4fc1fb4b355a6ba95c63.css"><script charset="utf-8" src="/browse_app_assets/js/bundle.font-face.4fc1fb4b355a6ba95c63.js"></script><link rel="stylesheet" type="text/css" href="/browse_app_assets/css/styles.0.8052649087c055d8c630.css"><script charset="utf-8" src="/browse_app_assets/js/bundle.0.8052649087c055d8c630.js"></script><script charset="utf-8" src="/browse_app_assets/js/bundle.3.e05190633004a1f99ca9.js"></script><link rel="stylesheet" type="text/css" href="/browse_app_assets/css/styles.4.e9393f5064cca7fb75c5.css"><script charset="utf-8" src="/browse_app_assets/js/bundle.4.e9393f5064cca7fb75c5.js"></script><link rel="stylesheet" type="text/css" href="/browse_app_assets/css/styles.navigation-menu.5591b4c005c4763524e7.css"><script charset="utf-8" src="/browse_app_assets/js/bundle.navigation-menu.5591b4c005c4763524e7.js"></script><link rel="stylesheet" type="text/css" href="/browse_app_assets/css/styles.footer.005eb58ce21109849ea3.css"><script charset="utf-8" src="/browse_app_assets/js/bundle.footer.005eb58ce21109849ea3.js"></script><link rel="stylesheet" type="text/css" href="/browse_app_assets/css/styles.19.a2d97efd3040400e75f8.css"><script charset="utf-8" src="/browse_app_assets/js/bundle.19.a2d97efd3040400e75f8.js"></script><link rel="stylesheet" type="text/css" href="/browse_app_assets/css/styles.global-components.907e524ee2e204673d95.css"><script charset="utf-8" src="/browse_app_assets/js/bundle.global-components.907e524ee2e204673d95.js"></script><link rel="prefetch" as="script" href="/browse_app_assets/js/bundle.slide-navigation-menu.c7c4f547bdbb7f98eca1.js"><script type="text/javascript" async="" src="https://cdn.cookielaw.org/scripttemplates/6.29.0/otTCF.js"></script><script src="https://assets.adobedtm.com/extensions/EP171e731c9ba34f1c950c36d26e3efd61/AppMeasurement.min.js" async=""></script><script src="https://assets.adobedtm.com/extensions/EP171e731c9ba34f1c950c36d26e3efd61/AppMeasurement_Module_ActivityMap.min.js" async=""></script><style type="text/css">
#oo_feedback_fl_spacer { display: block; height: 1px; position: absolute; top: 0; width: 100px; }
.oo_feedback_float { width: 100px; height: 50px; overflow: hidden; font: 12px Tahoma, Arial, Helvetica, sans-serif; text-align: center; color: #252525; cursor: pointer; z-index: 999997; position: fixed; bottom: 5px; border: 1px solid #cccccc; border-radius: 9px; -moz-border-radius: 9px; -webkit-border-radius: 9px; right: 10px; -webkit-transition: -webkit-transform 0.3s ease; }
.oo_feedback_float .screen_reader { position: absolute; clip: rect(1px 1px 1px 1px); /* for Internet Explorer */ clip: rect(1px, 1px, 1px, 1px); padding: 0; border: 0; height: 1px; width: 1px; overflow: hidden; }
.oo_feedback_float .olUp { width: 100%; height: 100%; text-align: center; position: relative; z-index: 2; filter: alpha(opacity=100); opacity: 1; transition: opacity .5s; -moz-transition: opacity .5s; -webkit-transition: opacity .5s; -o-transition: opacity .5s; }
.oo_feedback_float .olUp img.float_icon { margin: auto; padding-top: 8px; padding-bottom: 5px; display: block; color: transparent; border: none; transform: translateZ(0); -webkit-transform: translateZ(0); -ms-transform: translateZ(0); width: 18px; height: 18px; }
.oo_feedback_float .olUp span.float_text { display: block; }
.oo_feedback_float .olUp span.no_image { min-height: 50px; align-items: center; display: inline-flex !important; }
.oo_feedback_float .oo_transparent { display: block; background: white; position: absolute; top: 0; left: 0; height: 100%; width: 100%; z-index: 1; opacity: 0.8; filter: alpha(opacity=80); border-radius: 8px; -moz-border-radius: 8px; -webkit-border-radius: 8px; -webkit-transform: translateZ(0); }
.oo_feedback_float:hover .oo_transparent { opacity: 1.0; filter: alpha(opacity=100); }
.oo_feedback_float:hover .olUp { display: block; opacity: 0; filter: alpha(opacity=0); }
.oo_feedback_float .fbText { display: block; }
.oo_feedback_float .olOver { display: block; height: 100%; width: 100%; position: absolute; top: 0; left: 0; min-height: 50px; z-index: 2; opacity: 0; font-size: 12px; filter: alpha(opacity=0); transition: opacity .5s; -moz-transition: opacity .5s; -webkit-transition: opacity .5s; -o-transition: opacity .5s; }
.oo_feedback_float .olOver span { display: block; padding: 10px 5px; }
.oo_feedback_float:hover .olOver { opacity: 1.0; filter: alpha(opacity=100); top: 0; }
.oo_cc_wrapper { top: 25px; left: 0; padding: 0; position: fixed; text-align: center; width: 100%; z-index: 999999; }
.oo_cc_wrapper .screen_reader { position: absolute; clip: rect(1px 1px 1px 1px); /* for Internet Explorer */ clip: rect(1px, 1px, 1px, 1px); padding: 0; border: 0; height: 1px; width: 1px; overflow: hidden; }
.oo_cc_wrapper span { width: 100%; height: 100%; position: absolute; left: 0; top: 0; z-index: 1; }
.oo_cc_wrapper .iwrapper { background-color: white; margin: 0 auto; position: relative; width: 535px; z-index: 2; box-shadow: 0px 1px 3px 0px rgba(102, 102, 102, 0.3); -moz-box-shadow: 0px 1px 3px 0px rgba(102, 102, 102, 0.3); -webkit-box-shadow: 0px 1px 3px 0px rgba(102, 102, 102, 0.3); }
.oo_cc_wrapper iframe { position: relative; border: none; width: 100%; z-index: 4; }
.oo_cc_wrapper .oo_cc_close { position: absolute; display: block; right: 20px; top: 5px; font: 1em/1.5em 'HelveticaNeue-Medium', Helvetica, Arial, sans-serif; text-align: center; z-index: 5; color: black; text-decoration: none; cursor: pointer; }
#oo_bar { padding: 10px 0px; cursor: pointer; color: white; border-top: 1px solid white; border-bottom: none; border-right: none; border-left: none; background-color: black; bottom: 0; display: block; font: 16px 'HelveticaNeue-Medium', Helvetica, Arial, sans-serif; left: 0; text-decoration: none; line-height: 16px; position: fixed; text-align: left; width: 100%; z-index: 999997; box-shadow: rgba(0, 0, 0, 0.5) 0px -1px 2px; -moz-box-shadow: rgba(0, 0, 0, 0.5) 0px -1px 2px; -webkit-box-shadow: rgba(0, 0, 0, 0.5) 0px -1px 2px; }
#oo_bar img.bar_icon { float: left; padding-left: 10px; color: transparent; border: none; transform: translateZ(0); -webkit-transform: translateZ(0); -ms-transform: translateZ(0); width: 18px; height: 18px; }
#oo_bar span.bar_text { padding-left: 10px; }
#oo_bar .screen_reader { position: absolute; clip: rect(1px 1px 1px 1px); /* for Internet Explorer */ clip: rect(1px, 1px, 1px, 1px); padding: 0; border: 0; height: 1px; width: 1px; overflow: hidden; }
#oo_bar:focus { outline: 3px solid #51ace9; }
.oo_bar { padding-bottom: 37px; }
#oo_tab { display: block; position: fixed; background-color: #000000; color: #ffffff; border: 1px solid #cccccc; font-size: 15px; font-family: 'Helvetica Neue', Helvetica, Arial, sans-serif; line-height: 15px; opacity: 1; z-index: 999995; cursor: pointer; text-decoration: none; -webkit-backface-visibility: hidden; backface-visibility: hidden; transform: rotate(-90deg); -ms-transform: rotate(-90deg) scale(1.02); -webkit-transform: rotate(-90deg); -moz-transform: rotate(-90deg); transition: all .5s ease; -moz-transition: all .5s ease; -webkit-transition: all .5s ease; -o-transition: all .5s ease; -webkit-transform-style: preserve-3d; transform-style: preserve-3d; -webkit-backface-visibility: hidden; backface-visibility: hidden; }
#oo_tab div { -webkit-transform-style: preserve-3d; transform-style: preserve-3d; -webkit-backface-visibility: hidden; backface-visibility: hidden; }
#oo_tab .screen_reader { position: absolute; clip: rect(1px 1px 1px 1px); /* for Internet Explorer */ clip: rect(1px, 1px, 1px, 1px); padding: 0; border: 0; height: 1px; width: 1px; overflow: hidden; }
#oo_tab.oo_tab_right { right: -8px; bottom: 62%; padding: 5px 14px 14px 14px; border-bottom: 0px; border-radius: 9px 9px 0px 0px; -moz-border-radius: 9px 9px 0px 0px; -webkit-border-radius: 9px 9px 0px 0px; transform-origin: 100% 100% 0; -webkit-transform-origin: 100% 100% 0; -ms-transform-origin: 100% 100% 0; }
#oo_tab.oo_tab_right:hover, #oo_tab.oo_tab_right:focus, #oo_tab.oo_tab_right:active { -ms-transform: rotate(-90deg) scale(1.02) translateY(-5px); -webkit-transform: rotate(-90deg) translateY(-5px); -moz-transform: rotate(-90deg) translateY(-5px); }
#oo_tab.oo_tab_left { left: -12px; bottom: 32%; padding: 17px 12px 5px 13px; border-top: 0px; border-radius: 0px 0px 9px 9px; -moz-border-radius: 0px 0px 9px 9px; -webkit-border-radius: 0px 0px 9px 9px; transform-origin: 0 0; -webkit-transform-origin: 0 0; -ms-transform-origin: 0 0; }
#oo_tab.oo_tab_left:hover, #oo_tab.oo_tab_left:focus, #oo_tab.oo_tab_left:active { -ms-transform: rotate(-90deg) scale(1.02) translateY(5px); -webkit-transform: rotate(-90deg) translateY(5px); -moz-transform: rotate(-90deg) translateY(5px); }
#oo_tab img { float: left; margin-top: 3px; width: 9px; height: 9px; margin-right: 7px; margin-bottom: 1px; color: transparent; border: none; transform: translateZ(0); -webkit-transform: translateZ(0); -ms-transform: translateZ(0); }
#oo_tab.oo_tab_left.oo_legacy { top: auto; right: auto; bottom: -5px; left: 20px; padding: 10px 10px 15px 10px; z-index: 999995; cursor: pointer; border-bottom: 0px; border-radius: 9px 9px 0 0; -moz-border-radius: 9px 9px 0 0; -webkit-border-radius: 9px 9px 0 0; transform: rotate(0deg); -ms-transform: rotate(0deg); -webkit-transform: rotate(0deg); -moz-transform: rotate(0deg); }
#oo_tab.oo_tab_right.oo_legacy { top: auto; bottom: -5px; right: 20px; padding: 10px 10px 15px 10px; z-index: 999995; cursor: pointer; border-bottom: 0px; transform: rotate(0deg); -ms-transform: rotate(0deg); -webkit-transform: rotate(0deg); -moz-transform: rotate(0deg); }
#oo_tab.oo_legacy img { top: 12px !important; }
#oo_tab.oo_tab_right.oo_legacy:hover, #oo_tab.oo_tab_right.oo_legacy:focus, #oo_tab.oo_tab_right.oo_legacy:active { bottom: 0; }
#oo_tab.oo_tab_left.oo_legacy:hover, #oo_tab.oo_tab_left.oo_legacy:focus, #oo_tab.oo_tab_left.oo_legacy:active { bottom: 0; }
#oo_tab_1 { background-color: black; border: 1px solid #ffffff; display: block; position: fixed; top: 40%; padding: 10px 0px 10px 0px; width: 124px; z-index: 999995; cursor: pointer; text-decoration: none; text-align: left; font-family: 'HelveticaNeue-Medium', Helvetica, Arial, sans-serif; line-height: 16px; font-size: 16px; color: #fff; }
#oo_tab_1:focus { outline: 3px solid #51ace9; }
#oo_tab_1 span.screen_reader { position: absolute; clip: rect(1px 1px 1px 1px); /* for Internet Explorer */ clip: rect(1px, 1px, 1px, 1px); padding: 0; border: 0; height: 1px; width: 1px; overflow: hidden; }
#oo_tab_1.oo_tab_right_1 { right: -9px; transition: right 1.5s; -moz-transition: right 1.5s; -webkit-transition: right 1.5s; padding: 10px 0px 10px 8px; box-shadow: rgba(0, 0, 0, 0.5) 1px 1px 2px; -moz-box-shadow: rgba(0, 0, 0, 0.5) 1px 1px 2px; -webkit-box-shadow: rgba(0, 0, 0, 0.5) 1px 1px 2px; }
#oo_tab_1.oo_tab_right_1 img.tab_icon { float: left; padding-right: 10px; color: transparent; border: none; transform: translateZ(0); -webkit-transform: translateZ(0); -ms-transform: translateZ(0); width: 18px; height: 18px; }
#oo_tab_1.oo_tab_right_1.small { right: -90px; }
#oo_tab_1.oo_tab_right_1.small:hover { right: -9px; }
#oo_tab_1.oo_tab_left_1 { left: -9px; transition: left 1.5s; -moz-transition: left 1.5s; -webkit-transition: left 1.5s; padding: 10px 0px 10px 20px; box-shadow: rgba(0, 0, 0, 0.5) -1px 1px 2px; -moz-box-shadow: rgba(0, 0, 0, 0.5) -1px 1px 2px; -webkit-box-shadow: rgba(0, 0, 0, 0.5) -1px 1px 2px; }
#oo_tab_1.oo_tab_left_1 img.tab_icon { float: right; padding-right: 8px; color: transparent; border: none; transform: translateZ(0); -webkit-transform: translateZ(0); -ms-transform: translateZ(0); width: 18px; height: 18px; }
#oo_tab_1.oo_tab_left_1.small { left: -90px; }
#oo_tab_1.oo_tab_left_1.small:hover { left: -9px; }
#oo_container { position: fixed; height: 100%; width: 100%; top: 0; left: 0; z-index: 999999; }
#oo_invitation_prompt { background: #fff; box-shadow: 0px 1px 3px 0px rgba(102, 102, 102, 0.3); -moz-box-shadow: 0px 1px 3px 0px rgba(102, 102, 102, 0.3); -webkit-box-shadow: 0px 1px 3px 0px rgba(102, 102, 102, 0.3); margin: 5% auto; text-align: left; position: relative; max-width: 400px; z-index: 999999; outline: 1px solid #ccc; }
#oo_invitation_prompt #oo_invitation_company_logo { width: 100%; background: transparent; padding: 20px 0px; text-align: center; }
#oo_invitation_prompt #oo_invitation_company_logo img { max-height: 45px; width: auto; }
#oo_invitation_prompt #oo_invite_content { width: auto; padding: 0px 10% 20px 10%; box-sizing: content-box; }
#oo_invitation_prompt #oo_invite_content p { color: black; font: 1em/1.5em 'HelveticaNeue-Medium', Helvetica, Arial, sans-serif; margin: 0; padding: 0 0 20px 0; }
#oo_invitation_prompt #oo_invite_content p.prompt_button button { text-align: center; color: white; text-decoration: none; font-size: 1.5em; line-height: 1.2em; padding: 12px 0 13px 0; display: block; height: auto; }
#oo_invitation_prompt #oo_invite_content button { cursor: pointer; border: none; }
#oo_invitation_prompt #oo_invite_content button:focus { outline: 3px solid #51ace9; }
#oo_invitation_prompt #oo_invite_content button#oo_launch_prompt { background: #cb352d; width: 100%; box-sizing: content-box; }
#oo_invitation_prompt #oo_invite_content button#oo_no_thanks { background: #707070; width: 100%; box-sizing: content-box; }
#oo_invitation_prompt #oo_invite_content #ol_invitation_brand_logo { text-align: center; border-top: 1px solid #ccc; line-height: 1.5em; margin: 20px 0 0 0; padding: 20px 0 0 0; }
#oo_invitation_prompt #oo_invite_content #ol_invitation_brand_logo img { height: 25px; width: 146px; border: 0px; }
#oo_invitation_prompt #oo_invite_content #ol_invitation_brand_logo a { display: block; height: 25px; }
#oo_invitation_prompt #oo_close_prompt { border: none; background: transparent; cursor: pointer; position: absolute; display: block; right: 13px; top: 13px; line-height: 1em; font-size: 1em; font-family: 'Zapf Dingbats'; color: black; text-decoration: none; }
#oo_invitation_prompt #oo_close_prompt:focus { outline: none; }
#oo_invitation_prompt #oo_close_prompt:focus span { outline: 3px solid #51ace9; }
#oo_invitation_prompt .screen_reader { position: absolute; clip: rect(1px 1px 1px 1px); /* for Internet Explorer */ clip: rect(1px, 1px, 1px, 1px); padding: 0; border: 0; height: 1px; width: 1px; overflow: hidden; }
@media only screen and (max-device-width: 480px), screen and (device-width: 414px) and (device-height: 736px) and (-webkit-device-pixel-ratio: 3) { #oo_invitation_prompt { width: 90%; }
#oo_invitation_prompt #oo_invitation_company_logo { height: auto; } }
@media only screen and (device-width: 320px) and (device-height: 568px) and (-webkit-device-pixel-ratio: 2), screen and (device-width: 320px) and (device-height: 480px) and (-webkit-device-pixel-ratio: 2) { #oo_invitation_prompt { width: 90%; height: 90%; overflow-y: scroll; overflow-x: hidden; }
#oo_invitation_prompt #oo_invitation_company_logo { height: auto; }
#oo_invitation_prompt #oo_invite_content { padding: 20px 10% 20px 10%; }
#oo_invitation_prompt #oo_invite_content #ol_invite_brand_logo { margin: 0 0 0 0; } }
@media screen and (device-width: 320px) and (device-height: 480px) and (-webkit-device-pixel-ratio: 2) { #oo_invitation_prompt #oo_close_prompt { right: -70px; } }
#oo_waypoint_container { position: fixed; height: 100%; width: 100%; top: 0; left: 0; z-index: 999999; }
#oo_waypoint_prompt { background: #fff; box-shadow: 0px 1px 3px 0px rgba(102, 102, 102, 0.3); -moz-box-shadow: 0px 1px 3px 0px rgba(102, 102, 102, 0.3); -webkit-box-shadow: 0px 1px 3px 0px rgba(102, 102, 102, 0.3); margin: 5% auto; text-align: left; position: relative; max-width: 400px; z-index: 999999; outline: 1px solid #ccc; }
#oo_waypoint_prompt #oo_waypoint_company_logo { width: 100%; background: transparent; padding: 20px 0px; text-align: center; }
#oo_waypoint_prompt #oo_waypoint_company_logo img { max-height: 45px; width: auto; }
#oo_waypoint_prompt #oo_waypoint_content { width: auto; padding: 0px 10% 20px 10%; }
#oo_waypoint_prompt #oo_waypoint_content a { cursor: pointer; }
#oo_waypoint_prompt #oo_waypoint_content a:focus { outline: 3px solid #51ace9; }
#oo_waypoint_prompt #oo_waypoint_content p { color: black; font: 1em/1.5em 'HelveticaNeue-Medium', Helvetica, Arial, sans-serif; margin: 0; padding: 0 0 20px 0; text-align: center; }
#oo_waypoint_prompt #oo_waypoint_content p#oo_waypoint_message { font-size: 1.2em; }
#oo_waypoint_prompt #oo_waypoint_content button.waypoint_icon { cursor: pointer; width: 100%; text-decoration: none; font-size: 1.5em; line-height: 2em; display: block; height: 50px; color: white; margin-bottom: 20px; background-color: #cb352d; width: 100%; border: none; padding: 0; }
#oo_waypoint_prompt #oo_waypoint_content button.waypoint_icon.last { margin-bottom: 0; }
#oo_waypoint_prompt #oo_waypoint_content .waypoint_link_icon { height: auto; width: 70px; float: left; }
#oo_waypoint_prompt #oo_waypoint_content #ol_waypoint_brand_logo { border-top: 1px solid #ccc; line-height: 1.5em; margin: 10px 0 0 0; padding: 20px 0 0 0; }
#oo_waypoint_prompt #oo_waypoint_content #ol_waypoint_brand_logo img { height: 25px; width: 146px; border: 0px; }
#oo_waypoint_prompt #oo_waypoint_content #ol_waypoint_brand_logo a { display: block; height: 25px; }
#oo_waypoint_prompt #oo_waypoint_close_prompt { position: absolute; display: block; border: none; background: transparent; cursor: pointer; right: 13px; top: 13px; line-height: 1em; font-size: 1em; font-family: 'Zapf Dingbats'; color: black; text-decoration: none; }
#oo_waypoint_prompt #oo_waypoint_close_prompt:focus { outline: none; }
#oo_waypoint_prompt #oo_waypoint_close_prompt:focus span { outline: 3px solid #51ace9; }
#oo_waypoint_prompt .screen_reader { position: absolute; clip: rect(1px 1px 1px 1px); /* for Internet Explorer */ clip: rect(1px, 1px, 1px, 1px); padding: 0; border: 0; height: 1px; width: 1px; overflow: hidden; }
@media only screen and (max-device-width: 480px), screen and (device-width: 414px) and (device-height: 736px) and (-webkit-device-pixel-ratio: 3) { #oo_waypoint_prompt { width: 90%; }
#oo_waypoint_prompt #oo_waypoint_company_logo { height: auto; } }
@media only screen and (device-width: 320px) and (device-height: 568px) and (-webkit-device-pixel-ratio: 2), screen and (device-width: 320px) and (device-height: 480px) and (-webkit-device-pixel-ratio: 2) { #oo_waypoint_prompt { width: 90%; height: 90%; overflow-y: scroll; overflow-x: hidden; }
#oo_waypoint_prompt #oo_waypoint_company_logo { height: auto; }
#oo_waypoint_prompt #oo_waypoint_content { padding: 20px 10% 20px 10%; }
#oo_waypoint_prompt #oo_waypoint_content #ol_waypoint_brand_logo { margin: 0 0 0 0; } }
@media screen and (device-width: 320px) and (device-height: 480px) and (-webkit-device-pixel-ratio: 2) { #oo_waypoint_prompt #oo_waypoint_close_prompt { right: -70px; } }
#oo_entry_prompt { background: #fff; box-shadow: 0px 1px 3px 0px rgba(102, 102, 102, 0.3); -moz-box-shadow: 0px 1px 3px 0px rgba(102, 102, 102, 0.3); -webkit-box-shadow: 0px 1px 3px 0px rgba(102, 102, 102, 0.3); margin: 5% auto; text-align: left; position: relative; max-width: 400px; z-index: 999999; outline: 1px solid #ccc; }
#oo_entry_prompt #oo_entry_company_logo { width: 100%; background: transparent; padding: 20px 0px; text-align: center; }
#oo_entry_prompt #oo_entry_company_logo img { max-height: 45px; width: auto; }
#oo_entry_prompt #oo_entry_content { width: auto; padding: 0px 10% 20px 10%; }
#oo_entry_prompt #oo_entry_content p { color: black; font: 1em/1.5em 'HelveticaNeue-Medium', Helvetica, Arial, sans-serif; margin: 0; padding: 0 0 20px 0; }
#oo_entry_prompt #oo_entry_content p.entry_prompt_button button { text-align: center; color: white; text-decoration: none; font-size: 1.5em; line-height: 1.2em; padding: 12px 0 13px 0; display: block; height: auto; }
#oo_entry_prompt #oo_entry_content button { cursor: pointer; border: none; }
#oo_entry_prompt #oo_entry_content button:focus { outline: 3px solid #51ace9; }
#oo_entry_prompt #oo_entry_content button#oo_launch_entry_prompt { background: #cb352d; width: 100%; }
#oo_entry_prompt #oo_entry_content button#oo_entry_no_thanks { background: #707070; width: 100%; }
#oo_entry_prompt #oo_entry_content #ol_entry_brand_logo { text-align: center; border-top: 1px solid #ccc; line-height: 1.5em; margin: 20px 0 0 0; padding: 20px 0 0 0; }
#oo_entry_prompt #oo_entry_content #ol_entry_brand_logo img { height: 25px; width: 146px; border: 0px; }
#oo_entry_prompt #oo_entry_content #ol_entry_brand_logo a { display: block; height: 25px; }
#oo_entry_prompt #oo_entry_close_prompt { position: absolute; background: none; border: none; cursor: pointer; display: block; right: 13px; top: 13px; line-height: 1em; font-size: 1em; font-family: 'Zapf Dingbats'; color: black; text-decoration: none; }
#oo_entry_prompt #oo_entry_close_prompt:focus { outline: none; }
#oo_entry_prompt #oo_entry_close_prompt:focus span { outline: 3px solid #51ace9; }
#oo_entry_prompt .screen_reader { position: absolute; clip: rect(1px 1px 1px 1px); /* for Internet Explorer */ clip: rect(1px, 1px, 1px, 1px); padding: 0; border: 0; height: 1px; width: 1px; overflow: hidden; }
@media only screen and (max-device-width: 480px), screen and (device-width: 414px) and (device-height: 736px) and (-webkit-device-pixel-ratio: 3) { #oo_entry_prompt { width: 90%; }
#oo_entry_prompt #oo_entry_company_logo { height: auto; } }
@media only screen and (device-width: 320px) and (device-height: 568px) and (-webkit-device-pixel-ratio: 2), screen and (device-width: 320px) and (device-height: 480px) and (-webkit-device-pixel-ratio: 2) { #oo_entry_prompt { width: 90%; height: 90%; overflow-y: scroll; overflow-x: hidden; }
#oo_entry_prompt #oo_entry_company_logo { height: auto; }
#oo_entry_prompt #oo_entry_content { padding: 20px 10% 20px 10%; }
#oo_entry_prompt #oo_entry_content #ol_entry_brand_logo { margin: 0 0 0 0; } }
@media screen and (device-width: 320px) and (device-height: 480px) and (-webkit-device-pixel-ratio: 2) { #oo_entry_prompt #oo_entry_close_prompt { right: -70px; } }
#oo_overlay, #oo_invitation_overlay, #oo_waypoint_overlay, #oo_entry_overlay { display: block; height: 1000%; left: 0; position: fixed; top: 0; width: 100%; z-index: 999998; opacity: 0.5; filter: alpha(opacity=50); }
#oo_overlay.no_loading, #oo_invitation_overlay.no_loading, #oo_waypoint_overlay.no_loading, #oo_entry_overlay.no_loading { background: white; opacity: 0.5; filter: alpha(opacity=50); }
#oo_overlay img#loading_icon, #oo_invitation_overlay img#loading_icon, #oo_waypoint_overlay img#loading_icon, #oo_entry_overlay img#loading_icon { display: flex; position: absolute; top: 4.5%; left: 47.5%; transform: translate(-50%, -50%); }
#oo_overlay_mobile { display: block; height: 1000%; left: 0; position: fixed; top: 0; width: 100%; z-index: 999998; opacity: 0.5; filter: alpha(opacity=50); }
#oo_overlay_mobile.no_loading_mobile { background: rgba(0, 0, 0, 0.25); opacity: 0.5; filter: alpha(opacity=50); background-color: rgba(0, 0, 0, 0.25); }
@media screen and (max-width: 767px) { #oo_waypoint_overlay { cursor: pointer; } }
#oo_overlay.no_loading, #oo_invitation_overlay.no_loading, #oo_waypoint_overlay.no_loading, #oo_entry_overlay.no_loading { background: white; opacity: 0.5; filter: alpha(opacity=50); }
#oo_overlay_mobile.no_loading_mobile { background: rgba(0, 0, 0, 0.25); opacity: 0.5; filter: alpha(opacity=50); background-color: rgba(0, 0, 0, 0.25); }
@media all�  { #oo_waypoint_prompt #oo_close_prompt, #oo_invitation_prompt #oo_close_prompt, .oo_cc_wrapper .oo_cc_close, #oo_entry_prompt #oo_entry_close_prompt { font-size: 20px; line-height: 20px; top: 8px; } }
@media print { #oo_bar, .oo_feedback_float, #oo_tab { display: none; } }</style><script type="text/javascript" async="" src="//www.hlserve.com/Delivery/ClientPaths/Library/onetag.js?cid=175"></script><script charset="utf-8" src="/browse_app_assets/js/bundle.20.11dc52044fdbea09e818.js"></script><link rel="stylesheet" type="text/css" href="/browse_app_assets/css/styles.29.26371c0518c312afe5fa.css"><script charset="utf-8" src="/browse_app_assets/js/bundle.29.26371c0518c312afe5fa.js"></script><script charset="utf-8" src="/browse_app_assets/js/bundle.search-bar.52751b4bf7b663c6a425.js"></script><script charset="utf-8" src="/browse_app_assets/js/bundle.routes.ae89ccc8b0e3c7045abd.js"></script><style id="onetrust-style">#onetrust-banner-sdk{-ms-text-size-adjust:100%;-webkit-text-size-adjust:100%}#onetrust-banner-sdk .onetrust-vendors-list-handler{cursor:pointer;color:#1f96db;font-size:inherit;font-weight:bold;text-decoration:none;margin-left:5px}#onetrust-banner-sdk .onetrust-vendors-list-handler:hover{color:#1f96db}#onetrust-banner-sdk:focus{outline:2px solid #000;outline-offset:-2px}#onetrust-banner-sdk a:focus{outline:2px solid #000}#onetrust-banner-sdk #onetrust-accept-btn-handler,#onetrust-banner-sdk #onetrust-reject-all-handler,#onetrust-banner-sdk #onetrust-pc-btn-handler{outline-offset:1px}#onetrust-banner-sdk .ot-close-icon,#onetrust-pc-sdk .ot-close-icon,#ot-sync-ntfy .ot-close-icon{background-image:url("data:image/svg+xml;base64,PHN2ZyB2ZXJzaW9uPSIxLjEiIHhtbG5zPSJodHRwOi8vd3d3LnczLm9yZy8yMDAwL3N2ZyIgeG1sbnM6eGxpbms9Imh0dHA6Ly93d3cudzMub3JnLzE5OTkveGxpbmsiIHg9IjBweCIgeT0iMHB4IiB3aWR0aD0iMzQ4LjMzM3B4IiBoZWlnaHQ9IjM0OC4zMzNweCIgdmlld0JveD0iMCAwIDM0OC4zMzMgMzQ4LjMzNCIgc3R5bGU9ImVuYWJsZS1iYWNrZ3JvdW5kOm5ldyAwIDAgMzQ4LjMzMyAzNDguMzM0OyIgeG1sOnNwYWNlPSJwcmVzZXJ2ZSI+PGc+PHBhdGggZmlsbD0iIzU2NTY1NiIgZD0iTTMzNi41NTksNjguNjExTDIzMS4wMTYsMTc0LjE2NWwxMDUuNTQzLDEwNS41NDljMTUuNjk5LDE1LjcwNSwxNS42OTksNDEuMTQ1LDAsNTYuODVjLTcuODQ0LDcuODQ0LTE4LjEyOCwxMS43NjktMjguNDA3LDExLjc2OWMtMTAuMjk2LDAtMjAuNTgxLTMuOTE5LTI4LjQxOS0xMS43NjlMMTc0LjE2NywyMzEuMDAzTDY4LjYwOSwzMzYuNTYzYy03Ljg0Myw3Ljg0NC0xOC4xMjgsMTEuNzY5LTI4LjQxNiwxMS43NjljLTEwLjI4NSwwLTIwLjU2My0zLjkxOS0yOC40MTMtMTEuNzY5Yy0xNS42OTktMTUuNjk4LTE1LjY5OS00MS4xMzksMC01Ni44NWwxMDUuNTQtMTA1LjU0OUwxMS43NzQsNjguNjExYy0xNS42OTktMTUuNjk5LTE1LjY5OS00MS4xNDUsMC01Ni44NDRjMTUuNjk2LTE1LjY4Nyw0MS4xMjctMTUuNjg3LDU2LjgyOSwwbDEwNS41NjMsMTA1LjU1NEwyNzkuNzIxLDExLjc2N2MxNS43MDUtMTUuNjg3LDQxLjEzOS0xNS42ODcsNTYuODMyLDBDMzUyLjI1OCwyNy40NjYsMzUyLjI1OCw1Mi45MTIsMzM2LjU1OSw2OC42MTF6Ii8+PC9nPjwvc3ZnPg==");background-size:contain;background-repeat:no-repeat;background-position:center;height:12px;width:12px}#onetrust-banner-sdk .powered-by-logo,#onetrust-banner-sdk .ot-pc-footer-logo a,#onetrust-pc-sdk .powered-by-logo,#onetrust-pc-sdk .ot-pc-footer-logo a,#ot-sync-ntfy .powered-by-logo,#ot-sync-ntfy .ot-pc-footer-logo a{background-size:contain;background-repeat:no-repeat;background-position:center;height:25px;width:152px;display:block}#onetrust-banner-sdk h3 *,#onetrust-banner-sdk h4 *,#onetrust-banner-sdk h6 *,#onetrust-banner-sdk button *,#onetrust-banner-sdk a[data-parent-id] *,#onetrust-pc-sdk h3 *,#onetrust-pc-sdk h4 *,#onetrust-pc-sdk h6 *,#onetrust-pc-sdk button *,#onetrust-pc-sdk a[data-parent-id] *,#ot-sync-ntfy h3 *,#ot-sync-ntfy h4 *,#ot-sync-ntfy h6 *,#ot-sync-ntfy button *,#ot-sync-ntfy a[data-parent-id] *{font-size:inherit;font-weight:inherit;color:inherit}#onetrust-banner-sdk .ot-hide,#onetrust-pc-sdk .ot-hide,#ot-sync-ntfy .ot-hide{display:none !important}#onetrust-pc-sdk .ot-sdk-row .ot-sdk-column{padding:0}#onetrust-pc-sdk .ot-sdk-container{padding-right:0}#onetrust-pc-sdk .ot-sdk-row{flex-direction:initial;width:100%}#onetrust-pc-sdk [type="checkbox"]:checked,#onetrust-pc-sdk [type="checkbox"]:not(:checked){pointer-events:initial}#onetrust-pc-sdk [type="checkbox"]:disabled+label::before,#onetrust-pc-sdk [type="checkbox"]:disabled+label:after,#onetrust-pc-sdk [type="checkbox"]:disabled+label{pointer-events:none;opacity:0.7}#onetrust-pc-sdk #vendor-list-content{transform:translate3d(0, 0, 0)}#onetrust-pc-sdk li input[type="checkbox"]{z-index:1}#onetrust-pc-sdk li .ot-checkbox label{z-index:2}#onetrust-pc-sdk li .ot-checkbox input[type="checkbox"]{height:auto;width:auto}#onetrust-pc-sdk li .host-title a,#onetrust-pc-sdk li .ot-host-name a,#onetrust-pc-sdk li .accordion-text,#onetrust-pc-sdk li .ot-acc-txt{z-index:2;position:relative}#onetrust-pc-sdk input{margin:3px 0.1ex}#onetrust-pc-sdk .pc-logo,#onetrust-pc-sdk .ot-pc-logo{height:60px;width:180px;background-position:center;background-size:contain;background-repeat:no-repeat}#onetrust-pc-sdk .screen-reader-only,#onetrust-pc-sdk .ot-scrn-rdr,.ot-sdk-cookie-policy .screen-reader-only,.ot-sdk-cookie-policy .ot-scrn-rdr{border:0;clip:rect(0 0 0 0);height:1px;margin:-1px;overflow:hidden;padding:0;position:absolute;width:1px}#onetrust-pc-sdk.ot-fade-in,.onetrust-pc-dark-filter.ot-fade-in,#onetrust-banner-sdk.ot-fade-in{animation-name:onetrust-fade-in;animation-duration:400ms;animation-timing-function:ease-in-out}#onetrust-pc-sdk.ot-hide{display:none !important}.onetrust-pc-dark-filter.ot-hide{display:none !important}#ot-sdk-btn.ot-sdk-show-settings,#ot-sdk-btn.optanon-show-settings{color:#68b631;border:1px solid #68b631;height:auto;white-space:normal;word-wrap:break-word;padding:0.8em 2em;font-size:0.8em;line-height:1.2;cursor:pointer;-moz-transition:0.1s ease;-o-transition:0.1s ease;-webkit-transition:1s ease;transition:0.1s ease}#ot-sdk-btn.ot-sdk-show-settings:hover,#ot-sdk-btn.optanon-show-settings:hover{color:#fff;background-color:#68b631}.onetrust-pc-dark-filter{background:rgba(0,0,0,0.5);z-index:2147483646;width:100%;height:100%;overflow:hidden;position:fixed;top:0;bottom:0;left:0}@keyframes onetrust-fade-in{0%{opacity:0}100%{opacity:1}}.ot-cookie-label{text-decoration:underline}@media only screen and (min-width: 426px) and (max-width: 896px) and (orientation: landscape){#onetrust-pc-sdk p{font-size:0.75em}}#onetrust-banner-sdk .banner-option-input:focus+label{outline:1px solid #000;outline-style:auto}.category-vendors-list-handler+a:focus,.category-vendors-list-handler+a:focus-visible{outline:2px solid #000}
#onetrust-banner-sdk,#onetrust-pc-sdk,#ot-sdk-cookie-policy,#ot-sync-ntfy{font-size:16px}#onetrust-banner-sdk *,#onetrust-banner-sdk ::after,#onetrust-banner-sdk ::before,#onetrust-pc-sdk *,#onetrust-pc-sdk ::after,#onetrust-pc-sdk ::before,#ot-sdk-cookie-policy *,#ot-sdk-cookie-policy ::after,#ot-sdk-cookie-policy ::before,#ot-sync-ntfy *,#ot-sync-ntfy ::after,#ot-sync-ntfy ::before{-webkit-box-sizing:content-box;-moz-box-sizing:content-box;box-sizing:content-box}#onetrust-banner-sdk div,#onetrust-banner-sdk span,#onetrust-banner-sdk h1,#onetrust-banner-sdk h2,#onetrust-banner-sdk h3,#onetrust-banner-sdk h4,#onetrust-banner-sdk h5,#onetrust-banner-sdk h6,#onetrust-banner-sdk p,#onetrust-banner-sdk img,#onetrust-banner-sdk svg,#onetrust-banner-sdk button,#onetrust-banner-sdk section,#onetrust-banner-sdk a,#onetrust-banner-sdk label,#onetrust-banner-sdk input,#onetrust-banner-sdk ul,#onetrust-banner-sdk li,#onetrust-banner-sdk nav,#onetrust-banner-sdk table,#onetrust-banner-sdk thead,#onetrust-banner-sdk tr,#onetrust-banner-sdk td,#onetrust-banner-sdk tbody,#onetrust-banner-sdk .ot-main-content,#onetrust-banner-sdk .ot-toggle,#onetrust-banner-sdk #ot-content,#onetrust-banner-sdk #ot-pc-content,#onetrust-banner-sdk .checkbox,#onetrust-pc-sdk div,#onetrust-pc-sdk span,#onetrust-pc-sdk h1,#onetrust-pc-sdk h2,#onetrust-pc-sdk h3,#onetrust-pc-sdk h4,#onetrust-pc-sdk h5,#onetrust-pc-sdk h6,#onetrust-pc-sdk p,#onetrust-pc-sdk img,#onetrust-pc-sdk svg,#onetrust-pc-sdk button,#onetrust-pc-sdk section,#onetrust-pc-sdk a,#onetrust-pc-sdk label,#onetrust-pc-sdk input,#onetrust-pc-sdk ul,#onetrust-pc-sdk li,#onetrust-pc-sdk nav,#onetrust-pc-sdk table,#onetrust-pc-sdk thead,#onetrust-pc-sdk tr,#onetrust-pc-sdk td,#onetrust-pc-sdk tbody,#onetrust-pc-sdk .ot-main-content,#onetrust-pc-sdk .ot-toggle,#onetrust-pc-sdk #ot-content,#onetrust-pc-sdk #ot-pc-content,#onetrust-pc-sdk .checkbox,#ot-sdk-cookie-policy div,#ot-sdk-cookie-policy span,#ot-sdk-cookie-policy h1,#ot-sdk-cookie-policy h2,#ot-sdk-cookie-policy h3,#ot-sdk-cookie-policy h4,#ot-sdk-cookie-policy h5,#ot-sdk-cookie-policy h6,#ot-sdk-cookie-policy p,#ot-sdk-cookie-policy img,#ot-sdk-cookie-policy svg,#ot-sdk-cookie-policy button,#ot-sdk-cookie-policy section,#ot-sdk-cookie-policy a,#ot-sdk-cookie-policy label,#ot-sdk-cookie-policy input,#ot-sdk-cookie-policy ul,#ot-sdk-cookie-policy li,#ot-sdk-cookie-policy nav,#ot-sdk-cookie-policy table,#ot-sdk-cookie-policy thead,#ot-sdk-cookie-policy tr,#ot-sdk-cookie-policy td,#ot-sdk-cookie-policy tbody,#ot-sdk-cookie-policy .ot-main-content,#ot-sdk-cookie-policy .ot-toggle,#ot-sdk-cookie-policy #ot-content,#ot-sdk-cookie-policy #ot-pc-content,#ot-sdk-cookie-policy .checkbox,#ot-sync-ntfy div,#ot-sync-ntfy span,#ot-sync-ntfy h1,#ot-sync-ntfy h2,#ot-sync-ntfy h3,#ot-sync-ntfy h4,#ot-sync-ntfy h5,#ot-sync-ntfy h6,#ot-sync-ntfy p,#ot-sync-ntfy img,#ot-sync-ntfy svg,#ot-sync-ntfy button,#ot-sync-ntfy section,#ot-sync-ntfy a,#ot-sync-ntfy label,#ot-sync-ntfy input,#ot-sync-ntfy ul,#ot-sync-ntfy li,#ot-sync-ntfy nav,#ot-sync-ntfy table,#ot-sync-ntfy thead,#ot-sync-ntfy tr,#ot-sync-ntfy td,#ot-sync-ntfy tbody,#ot-sync-ntfy .ot-main-content,#ot-sync-ntfy .ot-toggle,#ot-sync-ntfy #ot-content,#ot-sync-ntfy #ot-pc-content,#ot-sync-ntfy .checkbox{font-family:inherit;font-weight:normal;-webkit-font-smoothing:auto;letter-spacing:normal;line-height:normal;padding:0;margin:0;height:auto;min-height:0;max-height:none;width:auto;min-width:0;max-width:none;border-radius:0;border:none;clear:none;float:none;position:static;bottom:auto;left:auto;right:auto;top:auto;text-align:left;text-decoration:none;text-indent:0;text-shadow:none;text-transform:none;white-space:normal;background:none;overflow:visible;vertical-align:baseline;visibility:visible;z-index:auto;box-shadow:none}#onetrust-banner-sdk label:before,#onetrust-banner-sdk label:after,#onetrust-banner-sdk .checkbox:after,#onetrust-banner-sdk .checkbox:before,#onetrust-pc-sdk label:before,#onetrust-pc-sdk label:after,#onetrust-pc-sdk .checkbox:after,#onetrust-pc-sdk .checkbox:before,#ot-sdk-cookie-policy label:before,#ot-sdk-cookie-policy label:after,#ot-sdk-cookie-policy .checkbox:after,#ot-sdk-cookie-policy .checkbox:before,#ot-sync-ntfy label:before,#ot-sync-ntfy label:after,#ot-sync-ntfy .checkbox:after,#ot-sync-ntfy .checkbox:before{content:"";content:none}
#onetrust-banner-sdk .ot-sdk-container,#onetrust-pc-sdk .ot-sdk-container,#ot-sdk-cookie-policy .ot-sdk-container{position:relative;width:100%;max-width:100%;margin:0 auto;padding:0 20px;box-sizing:border-box}#onetrust-banner-sdk .ot-sdk-column,#onetrust-banner-sdk .ot-sdk-columns,#onetrust-pc-sdk .ot-sdk-column,#onetrust-pc-sdk .ot-sdk-columns,#ot-sdk-cookie-policy .ot-sdk-column,#ot-sdk-cookie-policy .ot-sdk-columns{width:100%;float:left;box-sizing:border-box;padding:0;display:initial}@media (min-width: 400px){#onetrust-banner-sdk .ot-sdk-container,#onetrust-pc-sdk .ot-sdk-container,#ot-sdk-cookie-policy .ot-sdk-container{width:90%;padding:0}}@media (min-width: 550px){#onetrust-banner-sdk .ot-sdk-container,#onetrust-pc-sdk .ot-sdk-container,#ot-sdk-cookie-policy .ot-sdk-container{width:100%}#onetrust-banner-sdk .ot-sdk-column,#onetrust-banner-sdk .ot-sdk-columns,#onetrust-pc-sdk .ot-sdk-column,#onetrust-pc-sdk .ot-sdk-columns,#ot-sdk-cookie-policy .ot-sdk-column,#ot-sdk-cookie-policy .ot-sdk-columns{margin-left:4%}#onetrust-banner-sdk .ot-sdk-column:first-child,#onetrust-banner-sdk .ot-sdk-columns:first-child,#onetrust-pc-sdk .ot-sdk-column:first-child,#onetrust-pc-sdk .ot-sdk-columns:first-child,#ot-sdk-cookie-policy .ot-sdk-column:first-child,#ot-sdk-cookie-policy .ot-sdk-columns:first-child{margin-left:0}#onetrust-banner-sdk .ot-sdk-two.ot-sdk-columns,#onetrust-pc-sdk .ot-sdk-two.ot-sdk-columns,#ot-sdk-cookie-policy .ot-sdk-two.ot-sdk-columns{width:13.3333333333%}#onetrust-banner-sdk .ot-sdk-three.ot-sdk-columns,#onetrust-pc-sdk .ot-sdk-three.ot-sdk-columns,#ot-sdk-cookie-policy .ot-sdk-three.ot-sdk-columns{width:22%}#onetrust-banner-sdk .ot-sdk-four.ot-sdk-columns,#onetrust-pc-sdk .ot-sdk-four.ot-sdk-columns,#ot-sdk-cookie-policy .ot-sdk-four.ot-sdk-columns{width:30.6666666667%}#onetrust-banner-sdk .ot-sdk-eight.ot-sdk-columns,#onetrust-pc-sdk .ot-sdk-eight.ot-sdk-columns,#ot-sdk-cookie-policy .ot-sdk-eight.ot-sdk-columns{width:65.3333333333%}#onetrust-banner-sdk .ot-sdk-nine.ot-sdk-columns,#onetrust-pc-sdk .ot-sdk-nine.ot-sdk-columns,#ot-sdk-cookie-policy .ot-sdk-nine.ot-sdk-columns{width:74%}#onetrust-banner-sdk .ot-sdk-ten.ot-sdk-columns,#onetrust-pc-sdk .ot-sdk-ten.ot-sdk-columns,#ot-sdk-cookie-policy .ot-sdk-ten.ot-sdk-columns{width:82.6666666667%}#onetrust-banner-sdk .ot-sdk-eleven.ot-sdk-columns,#onetrust-pc-sdk .ot-sdk-eleven.ot-sdk-columns,#ot-sdk-cookie-policy .ot-sdk-eleven.ot-sdk-columns{width:91.3333333333%}#onetrust-banner-sdk .ot-sdk-twelve.ot-sdk-columns,#onetrust-pc-sdk .ot-sdk-twelve.ot-sdk-columns,#ot-sdk-cookie-policy .ot-sdk-twelve.ot-sdk-columns{width:100%;margin-left:0}}#onetrust-banner-sdk h1,#onetrust-banner-sdk h2,#onetrust-banner-sdk h3,#onetrust-banner-sdk h4,#onetrust-banner-sdk h5,#onetrust-banner-sdk h6,#onetrust-pc-sdk h1,#onetrust-pc-sdk h2,#onetrust-pc-sdk h3,#onetrust-pc-sdk h4,#onetrust-pc-sdk h5,#onetrust-pc-sdk h6,#ot-sdk-cookie-policy h1,#ot-sdk-cookie-policy h2,#ot-sdk-cookie-policy h3,#ot-sdk-cookie-policy h4,#ot-sdk-cookie-policy h5,#ot-sdk-cookie-policy h6{margin-top:0;font-weight:600;font-family:inherit}#onetrust-banner-sdk h1,#onetrust-pc-sdk h1,#ot-sdk-cookie-policy h1{font-size:1.5rem;line-height:1.2}#onetrust-banner-sdk h2,#onetrust-pc-sdk h2,#ot-sdk-cookie-policy h2{font-size:1.5rem;line-height:1.25}#onetrust-banner-sdk h3,#onetrust-pc-sdk h3,#ot-sdk-cookie-policy h3{font-size:1.5rem;line-height:1.3}#onetrust-banner-sdk h4,#onetrust-pc-sdk h4,#ot-sdk-cookie-policy h4{font-size:1.5rem;line-height:1.35}#onetrust-banner-sdk h5,#onetrust-pc-sdk h5,#ot-sdk-cookie-policy h5{font-size:1.5rem;line-height:1.5}#onetrust-banner-sdk h6,#onetrust-pc-sdk h6,#ot-sdk-cookie-policy h6{font-size:1.5rem;line-height:1.6}@media (min-width: 550px){#onetrust-banner-sdk h1,#onetrust-pc-sdk h1,#ot-sdk-cookie-policy h1{font-size:1.5rem}#onetrust-banner-sdk h2,#onetrust-pc-sdk h2,#ot-sdk-cookie-policy h2{font-size:1.5rem}#onetrust-banner-sdk h3,#onetrust-pc-sdk h3,#ot-sdk-cookie-policy h3{font-size:1.5rem}#onetrust-banner-sdk h4,#onetrust-pc-sdk h4,#ot-sdk-cookie-policy h4{font-size:1.5rem}#onetrust-banner-sdk h5,#onetrust-pc-sdk h5,#ot-sdk-cookie-policy h5{font-size:1.5rem}#onetrust-banner-sdk h6,#onetrust-pc-sdk h6,#ot-sdk-cookie-policy h6{font-size:1.5rem}}#onetrust-banner-sdk p,#onetrust-pc-sdk p,#ot-sdk-cookie-policy p{margin:0 0 1em 0;font-family:inherit;line-height:normal}#onetrust-banner-sdk a,#onetrust-pc-sdk a,#ot-sdk-cookie-policy a{color:#565656;text-decoration:underline}#onetrust-banner-sdk a:hover,#onetrust-pc-sdk a:hover,#ot-sdk-cookie-policy a:hover{color:#565656;text-decoration:none}#onetrust-banner-sdk .ot-sdk-button,#onetrust-banner-sdk button,#onetrust-pc-sdk .ot-sdk-button,#onetrust-pc-sdk button,#ot-sdk-cookie-policy .ot-sdk-button,#ot-sdk-cookie-policy button{margin-bottom:1rem;font-family:inherit}#onetrust-banner-sdk .ot-sdk-button,#onetrust-banner-sdk button,#onetrust-pc-sdk .ot-sdk-button,#onetrust-pc-sdk button,#ot-sdk-cookie-policy .ot-sdk-button,#ot-sdk-cookie-policy button{display:inline-block;height:38px;padding:0 30px;color:#555;text-align:center;font-size:0.9em;font-weight:400;line-height:38px;letter-spacing:0.01em;text-decoration:none;white-space:nowrap;background-color:transparent;border-radius:2px;border:1px solid #bbb;cursor:pointer;box-sizing:border-box}#onetrust-banner-sdk .ot-sdk-button:hover,#onetrust-banner-sdk :not(.ot-leg-btn-container)>button:hover,#onetrust-banner-sdk :not(.ot-leg-btn-container)>button:focus,#onetrust-pc-sdk .ot-sdk-button:hover,#onetrust-pc-sdk :not(.ot-leg-btn-container)>button:hover,#onetrust-pc-sdk :not(.ot-leg-btn-container)>button:focus,#ot-sdk-cookie-policy .ot-sdk-button:hover,#ot-sdk-cookie-policy :not(.ot-leg-btn-container)>button:hover,#ot-sdk-cookie-policy :not(.ot-leg-btn-container)>button:focus{color:#333;border-color:#888;opacity:0.7}#onetrust-banner-sdk .ot-sdk-button:focus,#onetrust-banner-sdk :not(.ot-leg-btn-container)>button:focus,#onetrust-pc-sdk .ot-sdk-button:focus,#onetrust-pc-sdk :not(.ot-leg-btn-container)>button:focus,#ot-sdk-cookie-policy .ot-sdk-button:focus,#ot-sdk-cookie-policy :not(.ot-leg-btn-container)>button:focus{outline:2px solid #000}#onetrust-banner-sdk .ot-sdk-button.ot-sdk-button-primary,#onetrust-banner-sdk button.ot-sdk-button-primary,#onetrust-banner-sdk input[type="submit"].ot-sdk-button-primary,#onetrust-banner-sdk input[type="reset"].ot-sdk-button-primary,#onetrust-banner-sdk input[type="button"].ot-sdk-button-primary,#onetrust-pc-sdk .ot-sdk-button.ot-sdk-button-primary,#onetrust-pc-sdk button.ot-sdk-button-primary,#onetrust-pc-sdk input[type="submit"].ot-sdk-button-primary,#onetrust-pc-sdk input[type="reset"].ot-sdk-button-primary,#onetrust-pc-sdk input[type="button"].ot-sdk-button-primary,#ot-sdk-cookie-policy .ot-sdk-button.ot-sdk-button-primary,#ot-sdk-cookie-policy button.ot-sdk-button-primary,#ot-sdk-cookie-policy input[type="submit"].ot-sdk-button-primary,#ot-sdk-cookie-policy input[type="reset"].ot-sdk-button-primary,#ot-sdk-cookie-policy input[type="button"].ot-sdk-button-primary{color:#fff;background-color:#33c3f0;border-color:#33c3f0}#onetrust-banner-sdk .ot-sdk-button.ot-sdk-button-primary:hover,#onetrust-banner-sdk button.ot-sdk-button-primary:hover,#onetrust-banner-sdk input[type="submit"].ot-sdk-button-primary:hover,#onetrust-banner-sdk input[type="reset"].ot-sdk-button-primary:hover,#onetrust-banner-sdk input[type="button"].ot-sdk-button-primary:hover,#onetrust-banner-sdk .ot-sdk-button.ot-sdk-button-primary:focus,#onetrust-banner-sdk button.ot-sdk-button-primary:focus,#onetrust-banner-sdk input[type="submit"].ot-sdk-button-primary:focus,#onetrust-banner-sdk input[type="reset"].ot-sdk-button-primary:focus,#onetrust-banner-sdk input[type="button"].ot-sdk-button-primary:focus,#onetrust-pc-sdk .ot-sdk-button.ot-sdk-button-primary:hover,#onetrust-pc-sdk button.ot-sdk-button-primary:hover,#onetrust-pc-sdk input[type="submit"].ot-sdk-button-primary:hover,#onetrust-pc-sdk input[type="reset"].ot-sdk-button-primary:hover,#onetrust-pc-sdk input[type="button"].ot-sdk-button-primary:hover,#onetrust-pc-sdk .ot-sdk-button.ot-sdk-button-primary:focus,#onetrust-pc-sdk button.ot-sdk-button-primary:focus,#onetrust-pc-sdk input[type="submit"].ot-sdk-button-primary:focus,#onetrust-pc-sdk input[type="reset"].ot-sdk-button-primary:focus,#onetrust-pc-sdk input[type="button"].ot-sdk-button-primary:focus,#ot-sdk-cookie-policy .ot-sdk-button.ot-sdk-button-primary:hover,#ot-sdk-cookie-policy button.ot-sdk-button-primary:hover,#ot-sdk-cookie-policy input[type="submit"].ot-sdk-button-primary:hover,#ot-sdk-cookie-policy input[type="reset"].ot-sdk-button-primary:hover,#ot-sdk-cookie-policy input[type="button"].ot-sdk-button-primary:hover,#ot-sdk-cookie-policy .ot-sdk-button.ot-sdk-button-primary:focus,#ot-sdk-cookie-policy button.ot-sdk-button-primary:focus,#ot-sdk-cookie-policy input[type="submit"].ot-sdk-button-primary:focus,#ot-sdk-cookie-policy input[type="reset"].ot-sdk-button-primary:focus,#ot-sdk-cookie-policy input[type="button"].ot-sdk-button-primary:focus{color:#fff;background-color:#1eaedb;border-color:#1eaedb}#onetrust-banner-sdk input[type="text"],#onetrust-pc-sdk input[type="text"],#ot-sdk-cookie-policy input[type="text"]{height:38px;padding:6px 10px;background-color:#fff;border:1px solid #d1d1d1;border-radius:4px;box-shadow:none;box-sizing:border-box}#onetrust-banner-sdk input[type="text"],#onetrust-pc-sdk input[type="text"],#ot-sdk-cookie-policy input[type="text"]{-webkit-appearance:none;-moz-appearance:none;appearance:none}#onetrust-banner-sdk input[type="text"]:focus,#onetrust-pc-sdk input[type="text"]:focus,#ot-sdk-cookie-policy input[type="text"]:focus{border:1px solid #000;outline:0}#onetrust-banner-sdk label,#onetrust-pc-sdk label,#ot-sdk-cookie-policy label{display:block;margin-bottom:0.5rem;font-weight:600}#onetrust-banner-sdk input[type="checkbox"],#onetrust-pc-sdk input[type="checkbox"],#ot-sdk-cookie-policy input[type="checkbox"]{display:inline}#onetrust-banner-sdk ul,#onetrust-pc-sdk ul,#ot-sdk-cookie-policy ul{list-style:circle inside}#onetrust-banner-sdk ul,#onetrust-pc-sdk ul,#ot-sdk-cookie-policy ul{padding-left:0;margin-top:0}#onetrust-banner-sdk ul ul,#onetrust-pc-sdk ul ul,#ot-sdk-cookie-policy ul ul{margin:1.5rem 0 1.5rem 3rem;font-size:90%}#onetrust-banner-sdk li,#onetrust-pc-sdk li,#ot-sdk-cookie-policy li{margin-bottom:1rem}#onetrust-banner-sdk th,#onetrust-banner-sdk td,#onetrust-pc-sdk th,#onetrust-pc-sdk td,#ot-sdk-cookie-policy th,#ot-sdk-cookie-policy td{padding:12px 15px;text-align:left;border-bottom:1px solid #e1e1e1}#onetrust-banner-sdk button,#onetrust-pc-sdk button,#ot-sdk-cookie-policy button{margin-bottom:1rem;font-family:inherit}#onetrust-banner-sdk .ot-sdk-container:after,#onetrust-banner-sdk .ot-sdk-row:after,#onetrust-pc-sdk .ot-sdk-container:after,#onetrust-pc-sdk .ot-sdk-row:after,#ot-sdk-cookie-policy .ot-sdk-container:after,#ot-sdk-cookie-policy .ot-sdk-row:after{content:"";display:table;clear:both}#onetrust-banner-sdk .ot-sdk-row,#onetrust-pc-sdk .ot-sdk-row,#ot-sdk-cookie-policy .ot-sdk-row{margin:0;max-width:none;display:block}
#onetrust-banner-sdk{box-shadow:0 0 18px rgba(0,0,0,.2)}#onetrust-banner-sdk.otFlat{position:fixed;z-index:2147483645;bottom:0;right:0;left:0;background-color:#fff;max-height:90%;overflow-x:hidden;overflow-y:auto}#onetrust-banner-sdk.otFlat.top{top:0px;bottom:auto}#onetrust-banner-sdk.otRelFont{font-size:1rem}#onetrust-banner-sdk>.ot-sdk-container{overflow:hidden}#onetrust-banner-sdk::-webkit-scrollbar{width:11px}#onetrust-banner-sdk::-webkit-scrollbar-thumb{border-radius:10px;background:#c1c1c1}#onetrust-banner-sdk{scrollbar-arrow-color:#c1c1c1;scrollbar-darkshadow-color:#c1c1c1;scrollbar-face-color:#c1c1c1;scrollbar-shadow-color:#c1c1c1}#onetrust-banner-sdk #onetrust-policy{margin:1.25em 0 .625em 2em;overflow:hidden}#onetrust-banner-sdk #onetrust-policy .ot-gv-list-handler{float:left;font-size:.82em;padding:0;margin-bottom:0;border:0;line-height:normal;height:auto;width:auto}#onetrust-banner-sdk #onetrust-policy-title{font-size:1.2em;line-height:1.3;margin-bottom:10px}#onetrust-banner-sdk #onetrust-policy-text{clear:both;text-align:left;font-size:.88em;line-height:1.4}#onetrust-banner-sdk #onetrust-policy-text *{font-size:inherit;line-height:inherit}#onetrust-banner-sdk #onetrust-policy-text a{font-weight:bold;margin-left:5px}#onetrust-banner-sdk #onetrust-policy-title,#onetrust-banner-sdk #onetrust-policy-text{color:dimgray;float:left}#onetrust-banner-sdk #onetrust-button-group-parent{min-height:1px;text-align:center}#onetrust-banner-sdk #onetrust-button-group{display:inline-block}#onetrust-banner-sdk #onetrust-accept-btn-handler,#onetrust-banner-sdk #onetrust-reject-all-handler,#onetrust-banner-sdk #onetrust-pc-btn-handler{background-color:#68b631;color:#fff;border-color:#68b631;margin-right:1em;min-width:125px;height:auto;white-space:normal;word-break:break-word;word-wrap:break-word;padding:12px 10px;line-height:1.2;font-size:.813em;font-weight:600}#onetrust-banner-sdk #onetrust-pc-btn-handler.cookie-setting-link{background-color:#fff;border:none;color:#68b631;text-decoration:underline;padding-left:0;padding-right:0}#onetrust-banner-sdk .onetrust-close-btn-ui{width:44px;height:44px;background-size:12px;border:none;position:relative;margin:auto;padding:0}#onetrust-banner-sdk .banner_logo{display:none}#onetrust-banner-sdk .ot-b-addl-desc{clear:both;float:left;display:block}#onetrust-banner-sdk #banner-options{float:left;display:table;margin-right:0;margin-left:1em;width:calc(100% - 1em)}#onetrust-banner-sdk .banner-option-input{cursor:pointer;width:auto;height:auto;border:none;padding:0;padding-right:3px;margin:0 0 10px;font-size:.82em;line-height:1.4}#onetrust-banner-sdk .banner-option-input *{pointer-events:none;font-size:inherit;line-height:inherit}#onetrust-banner-sdk .banner-option-input[aria-expanded=true]~.banner-option-details{display:block;height:auto}#onetrust-banner-sdk .banner-option-input[aria-expanded=true] .ot-arrow-container{transform:rotate(90deg)}#onetrust-banner-sdk .banner-option{margin-bottom:12px;margin-left:0;border:none;float:left;padding:0}#onetrust-banner-sdk .banner-option:first-child{padding-left:2px}#onetrust-banner-sdk .banner-option:not(:first-child){padding:0;border:none}#onetrust-banner-sdk .banner-option-header{cursor:pointer;display:inline-block}#onetrust-banner-sdk .banner-option-header :first-child{color:dimgray;font-weight:bold;float:left}#onetrust-banner-sdk .banner-option-header .ot-arrow-container{display:inline-block;border-top:6px solid transparent;border-bottom:6px solid transparent;border-left:6px solid dimgray;margin-left:10px;vertical-align:middle}#onetrust-banner-sdk .banner-option-details{display:none;font-size:.83em;line-height:1.5;padding:10px 0px 5px 10px;margin-right:10px;height:0px}#onetrust-banner-sdk .banner-option-details *{font-size:inherit;line-height:inherit;color:dimgray}#onetrust-banner-sdk .ot-arrow-container,#onetrust-banner-sdk .banner-option-details{transition:all 300ms ease-in 0s;-webkit-transition:all 300ms ease-in 0s;-moz-transition:all 300ms ease-in 0s;-o-transition:all 300ms ease-in 0s}#onetrust-banner-sdk .ot-dpd-container{float:left}#onetrust-banner-sdk .ot-dpd-title{margin-bottom:10px}#onetrust-banner-sdk .ot-dpd-title,#onetrust-banner-sdk .ot-dpd-desc{font-size:.88em;line-height:1.4;color:dimgray}#onetrust-banner-sdk .ot-dpd-title *,#onetrust-banner-sdk .ot-dpd-desc *{font-size:inherit;line-height:inherit}#onetrust-banner-sdk.ot-iab-2 #onetrust-policy-text *{margin-bottom:0}#onetrust-banner-sdk.ot-iab-2 .onetrust-vendors-list-handler{display:block;margin-left:0;margin-top:5px;clear:both;margin-bottom:0;padding:0;border:0;height:auto;width:auto}#onetrust-banner-sdk.ot-iab-2 #onetrust-button-group button{display:block}#onetrust-banner-sdk.ot-close-btn-link{padding-top:25px}#onetrust-banner-sdk.ot-close-btn-link #onetrust-close-btn-container{top:15px;transform:none;right:15px}#onetrust-banner-sdk.ot-close-btn-link #onetrust-close-btn-container button{padding:0;white-space:pre-wrap;border:none;height:auto;line-height:1.5;text-decoration:underline;font-size:.69em}#onetrust-banner-sdk #onetrust-policy-text,#onetrust-banner-sdk .ot-dpd-desc,#onetrust-banner-sdk .ot-b-addl-desc{font-size:.813em;line-height:1.5}#onetrust-banner-sdk .ot-dpd-desc{margin-bottom:10px}#onetrust-banner-sdk .ot-dpd-desc>.ot-b-addl-desc{margin-top:10px;margin-bottom:10px;font-size:1em}@media only screen and (max-width: 425px){#onetrust-banner-sdk #onetrust-close-btn-container{position:absolute;top:6px;right:2px}#onetrust-banner-sdk #onetrust-policy{margin-left:0;margin-top:3em}#onetrust-banner-sdk #onetrust-button-group{display:block}#onetrust-banner-sdk #onetrust-accept-btn-handler,#onetrust-banner-sdk #onetrust-reject-all-handler,#onetrust-banner-sdk #onetrust-pc-btn-handler{width:100%}#onetrust-banner-sdk .onetrust-close-btn-ui{top:auto;transform:none}#onetrust-banner-sdk #onetrust-policy-title{display:inline;float:none}#onetrust-banner-sdk #banner-options{margin:0;padding:0;width:100%}}@media only screen and (min-width: 426px)and (max-width: 896px){#onetrust-banner-sdk #onetrust-close-btn-container{position:absolute;top:0;right:0}#onetrust-banner-sdk #onetrust-policy{margin-left:1em;margin-right:1em}#onetrust-banner-sdk .onetrust-close-btn-ui{top:10px;right:10px}#onetrust-banner-sdk:not(.ot-iab-2) #onetrust-group-container{width:95%}#onetrust-banner-sdk.ot-iab-2 #onetrust-group-container{width:100%}#onetrust-banner-sdk #onetrust-button-group-parent{width:100%;position:relative;margin-left:0}#onetrust-banner-sdk #onetrust-button-group button{display:inline-block}#onetrust-banner-sdk #onetrust-button-group{margin-right:0;text-align:center}#onetrust-banner-sdk .has-reject-all-button #onetrust-pc-btn-handler{float:left}#onetrust-banner-sdk .has-reject-all-button #onetrust-reject-all-handler,#onetrust-banner-sdk .has-reject-all-button #onetrust-accept-btn-handler{float:right}#onetrust-banner-sdk .has-reject-all-button #onetrust-button-group{width:calc(100% - 2em);margin-right:0}#onetrust-banner-sdk .has-reject-all-button #onetrust-pc-btn-handler.cookie-setting-link{padding-left:0px;text-align:left}#onetrust-banner-sdk.ot-buttons-fw .ot-sdk-three button{width:100%;text-align:center}#onetrust-banner-sdk.ot-buttons-fw #onetrust-button-group-parent button{float:none}#onetrust-banner-sdk.ot-buttons-fw #onetrust-pc-btn-handler.cookie-setting-link{text-align:center}}@media only screen and (min-width: 550px){#onetrust-banner-sdk .banner-option:not(:first-child){border-left:1px solid #d8d8d8;padding-left:25px}}@media only screen and (min-width: 425px)and (max-width: 550px){#onetrust-banner-sdk.ot-iab-2 #onetrust-button-group,#onetrust-banner-sdk.ot-iab-2 #onetrust-policy,#onetrust-banner-sdk.ot-iab-2 .banner-option{width:100%}}@media only screen and (min-width: 769px){#onetrust-banner-sdk #onetrust-button-group{margin-right:30%}#onetrust-banner-sdk #banner-options{margin-left:2em;margin-right:5em;margin-bottom:1.25em;width:calc(100% - 7em)}}@media only screen and (min-width: 897px)and (max-width: 1023px){#onetrust-banner-sdk.vertical-align-content #onetrust-button-group-parent{position:absolute;top:50%;left:75%;transform:translateY(-50%)}#onetrust-banner-sdk #onetrust-close-btn-container{top:50%;margin:auto;transform:translate(-50%, -50%);position:absolute;padding:0;right:0}#onetrust-banner-sdk #onetrust-close-btn-container button{position:relative;margin:0;right:-22px;top:2px}}@media only screen and (min-width: 1024px){#onetrust-banner-sdk #onetrust-close-btn-container{top:50%;margin:auto;transform:translate(-50%, -50%);position:absolute;right:0}#onetrust-banner-sdk #onetrust-close-btn-container button{right:-12px}#onetrust-banner-sdk #onetrust-policy{margin-left:2em}#onetrust-banner-sdk.vertical-align-content #onetrust-button-group-parent{position:absolute;top:50%;left:60%;transform:translateY(-50%)}#onetrust-banner-sdk.ot-iab-2 #onetrust-policy-title{width:50%}#onetrust-banner-sdk.ot-iab-2 #onetrust-policy-text,#onetrust-banner-sdk.ot-iab-2 :not(.ot-dpd-desc)>.ot-b-addl-desc{margin-bottom:1em;width:50%;border-right:1px solid #d8d8d8;padding-right:1rem}#onetrust-banner-sdk.ot-iab-2 #onetrust-policy-text{margin-bottom:0;padding-bottom:1em}#onetrust-banner-sdk.ot-iab-2 :not(.ot-dpd-desc)>.ot-b-addl-desc{margin-bottom:0;padding-bottom:1em}#onetrust-banner-sdk.ot-iab-2 .ot-dpd-container{width:45%;padding-left:1rem;display:inline-block;float:none}#onetrust-banner-sdk.ot-iab-2 .ot-dpd-title{line-height:1.7}#onetrust-banner-sdk.ot-iab-2 #onetrust-button-group-parent{left:auto;right:4%;margin-left:0}#onetrust-banner-sdk.ot-iab-2 #onetrust-button-group button{display:block}#onetrust-banner-sdk:not(.ot-iab-2) #onetrust-button-group-parent{margin:auto;width:30%}#onetrust-banner-sdk:not(.ot-iab-2) #onetrust-group-container{width:60%}#onetrust-banner-sdk #onetrust-button-group{margin-right:auto}#onetrust-banner-sdk #onetrust-accept-btn-handler,#onetrust-banner-sdk #onetrust-reject-all-handler,#onetrust-banner-sdk #onetrust-pc-btn-handler{margin-top:1em}}@media only screen and (min-width: 890px){#onetrust-banner-sdk.ot-buttons-fw:not(.ot-iab-2) #onetrust-button-group-parent{padding-left:3%;padding-right:4%;margin-left:0}#onetrust-banner-sdk.ot-buttons-fw:not(.ot-iab-2) #onetrust-button-group{margin-right:0;margin-top:1.25em;width:100%}#onetrust-banner-sdk.ot-buttons-fw:not(.ot-iab-2) #onetrust-button-group button{width:100%;margin-bottom:5px;margin-top:5px}#onetrust-banner-sdk.ot-buttons-fw:not(.ot-iab-2) #onetrust-button-group button:last-of-type{margin-bottom:20px}}@media only screen and (min-width: 1280px){#onetrust-banner-sdk:not(.ot-iab-2) #onetrust-group-container{width:55%}#onetrust-banner-sdk:not(.ot-iab-2) #onetrust-button-group-parent{width:44%;padding-left:2%;padding-right:2%}#onetrust-banner-sdk:not(.ot-iab-2).vertical-align-content #onetrust-button-group-parent{position:absolute;left:55%}}
        #onetrust-consent-sdk #onetrust-banner-sdk {background-color: #191919;}
            #onetrust-consent-sdk #onetrust-policy-title,
                    #onetrust-consent-sdk #onetrust-policy-text,
                    #onetrust-consent-sdk .ot-b-addl-desc,
                    #onetrust-consent-sdk .ot-dpd-desc,
                    #onetrust-consent-sdk .ot-dpd-title,
                    #onetrust-consent-sdk #onetrust-policy-text *:not(.onetrust-vendors-list-handler),
                    #onetrust-consent-sdk .ot-dpd-desc *:not(.onetrust-vendors-list-handler),
                    #onetrust-consent-sdk #onetrust-banner-sdk #banner-options *,
                    #onetrust-banner-sdk .ot-cat-header {
                        color: #FFFFFF;
                    }
            #onetrust-consent-sdk #onetrust-banner-sdk .banner-option-details {
                    background-color: #E9E9E9;}
             #onetrust-consent-sdk #onetrust-banner-sdk a[href],
                    #onetrust-consent-sdk #onetrust-banner-sdk a[href] font,
                    #onetrust-consent-sdk #onetrust-banner-sdk .ot-link-btn
                        {
                            color: #FFFFFF;
                        }#onetrust-consent-sdk #onetrust-accept-btn-handler,
                         #onetrust-banner-sdk #onetrust-reject-all-handler {
                            background-color: #FDC301;border-color: #FDC301;
                color: #000000;
            }
            #onetrust-consent-sdk #onetrust-banner-sdk *:focus,
            #onetrust-consent-sdk #onetrust-banner-sdk:focus {
               outline-color: #000000;
               outline-width: 1px;
            }
            #onetrust-consent-sdk #onetrust-pc-btn-handler,
            #onetrust-consent-sdk #onetrust-pc-btn-handler.cookie-setting-link {
                color: #191919; border-color: #191919;
                background-color:
                #FDC301;
            }#onetrust-consent-sdk {
 font-family: Arial, sans-serif;
}
#onetrust-consent-sdk #onetrust-policy-title {
font-size:12pt;
margin-bottom: 5px;
}
#onetrust-consent-sdk #onetrust-policy-text {
margin-bottom: 0px
}
#onetrust-consent-sdk #onetrust-pc-btn-handler.cookie-setting-link {
color: #fff;
}
@media only screen and (max-width: 1024px){
#onetrust-banner-sdk #onetrust-policy {
margin-top: 5px;
}
}
/**fix for overlay issue to make buttons appear in single row for mobile devices**/
@media only screen and (max-width: 425px) {
#onetrust-banner-sdk #onetrust-button-group {
    display: flex;
}
}#onetrust-pc-sdk.otPcCenter{overflow:hidden;position:fixed;margin:0 auto;top:5%;right:0;left:0;width:40%;max-width:575px;min-width:575px;border-radius:2.5px;z-index:2147483647;background-color:#fff;-webkit-box-shadow:0px 2px 10px -3px #999;-moz-box-shadow:0px 2px 10px -3px #999;box-shadow:0px 2px 10px -3px #999}#onetrust-pc-sdk.otPcCenter[dir=rtl]{right:0;left:0}#onetrust-pc-sdk.otRelFont{font-size:1rem}#onetrust-pc-sdk #ot-addtl-venlst .ot-arw-cntr,#onetrust-pc-sdk #ot-addtl-venlst .ot-plus-minus,#onetrust-pc-sdk .ot-hide-tgl{visibility:hidden}#onetrust-pc-sdk #ot-addtl-venlst .ot-arw-cntr *,#onetrust-pc-sdk #ot-addtl-venlst .ot-plus-minus *,#onetrust-pc-sdk .ot-hide-tgl *{visibility:hidden}#onetrust-pc-sdk #ot-gn-venlst .ot-ven-item .ot-acc-hdr{min-height:40px}#onetrust-pc-sdk .ot-pc-header{height:39px;padding:10px 0 10px 30px;border-bottom:1px solid #e9e9e9}#onetrust-pc-sdk #ot-pc-title,#onetrust-pc-sdk #ot-category-title,#onetrust-pc-sdk .ot-cat-header,#onetrust-pc-sdk #ot-lst-title,#onetrust-pc-sdk .ot-ven-hdr .ot-ven-name,#onetrust-pc-sdk .ot-always-active{font-weight:bold;color:dimgray}#onetrust-pc-sdk .ot-cat-header{float:left;font-weight:600;font-size:.875em;line-height:1.5;max-width:90%;vertical-align:middle}#onetrust-pc-sdk .ot-always-active-group .ot-cat-header{width:55%;font-weight:700}#onetrust-pc-sdk .ot-cat-item p{clear:both;float:left;margin-top:10px;margin-bottom:5px;line-height:1.5;font-size:.812em;color:dimgray}#onetrust-pc-sdk .ot-close-icon{height:44px;width:44px;background-size:10px}#onetrust-pc-sdk #ot-pc-title{float:left;font-size:1em;line-height:1.5;margin-bottom:10px;margin-top:10px;width:100%}#onetrust-pc-sdk #accept-recommended-btn-handler{margin-right:10px;margin-bottom:25px;outline-offset:-1px}#onetrust-pc-sdk #ot-pc-desc{clear:both;width:100%;font-size:.812em;line-height:1.5;margin-bottom:25px}#onetrust-pc-sdk #ot-pc-desc a{margin-left:5px}#onetrust-pc-sdk #ot-pc-desc *{font-size:inherit;line-height:inherit}#onetrust-pc-sdk #ot-pc-desc ul li{padding:10px 0px}#onetrust-pc-sdk a{color:#656565;cursor:pointer}#onetrust-pc-sdk a:hover{color:#3860be}#onetrust-pc-sdk label{margin-bottom:0}#onetrust-pc-sdk #vdr-lst-dsc{font-size:.812em;line-height:1.5;padding:10px 15px 5px 15px}#onetrust-pc-sdk button{max-width:394px;padding:12px 30px;line-height:1;word-break:break-word;word-wrap:break-word;white-space:normal;font-weight:bold;height:auto}#onetrust-pc-sdk .ot-link-btn{padding:0;margin-bottom:0;border:0;font-weight:normal;line-height:normal;width:auto;height:auto}#onetrust-pc-sdk #ot-pc-content{position:absolute;overflow-y:scroll;padding-left:0px;padding-right:30px;top:60px;bottom:110px;margin:1px 3px 0 30px;width:calc(100% - 63px)}#onetrust-pc-sdk .ot-cat-grp .ot-always-active{float:right;clear:none;color:#3860be;margin:0;font-size:.813em;line-height:1.3}#onetrust-pc-sdk .ot-pc-scrollbar::-webkit-scrollbar-track{margin-right:20px}#onetrust-pc-sdk .ot-pc-scrollbar::-webkit-scrollbar{width:11px}#onetrust-pc-sdk .ot-pc-scrollbar::-webkit-scrollbar-thumb{border-radius:10px;background:#d8d8d8}#onetrust-pc-sdk input[type=checkbox]:focus+.ot-acc-hdr{outline:#000 1px solid}#onetrust-pc-sdk .ot-pc-scrollbar{scrollbar-arrow-color:#d8d8d8;scrollbar-darkshadow-color:#d8d8d8;scrollbar-face-color:#d8d8d8;scrollbar-shadow-color:#d8d8d8}#onetrust-pc-sdk .save-preference-btn-handler{margin-right:20px}#onetrust-pc-sdk .ot-pc-refuse-all-handler{margin-right:10px}#onetrust-pc-sdk #ot-pc-desc .privacy-notice-link{margin-left:0}#onetrust-pc-sdk .ot-subgrp-cntr{display:inline-block;clear:both;width:100%;padding-top:15px}#onetrust-pc-sdk .ot-switch+.ot-subgrp-cntr{padding-top:10px}#onetrust-pc-sdk ul.ot-subgrps{margin:0;font-size:initial}#onetrust-pc-sdk ul.ot-subgrps li p,#onetrust-pc-sdk ul.ot-subgrps li h5{font-size:.813em;line-height:1.4;color:dimgray}#onetrust-pc-sdk ul.ot-subgrps .ot-switch{min-height:auto}#onetrust-pc-sdk ul.ot-subgrps .ot-switch-nob{top:0}#onetrust-pc-sdk ul.ot-subgrps .ot-acc-hdr{display:inline-block;width:100%}#onetrust-pc-sdk ul.ot-subgrps .ot-acc-txt{margin:0}#onetrust-pc-sdk ul.ot-subgrps li{padding:0;border:none}#onetrust-pc-sdk ul.ot-subgrps li h5{position:relative;top:5px;font-weight:bold;margin-bottom:0;float:left}#onetrust-pc-sdk li.ot-subgrp{margin-left:20px;overflow:auto}#onetrust-pc-sdk li.ot-subgrp>h5{width:calc(100% - 100px)}#onetrust-pc-sdk .ot-cat-item p>ul,#onetrust-pc-sdk li.ot-subgrp p>ul{margin:0px;list-style:disc;margin-left:15px;font-size:inherit}#onetrust-pc-sdk .ot-cat-item p>ul li,#onetrust-pc-sdk li.ot-subgrp p>ul li{font-size:inherit;padding-top:10px;padding-left:0px;padding-right:0px;border:none}#onetrust-pc-sdk .ot-cat-item p>ul li:last-child,#onetrust-pc-sdk li.ot-subgrp p>ul li:last-child{padding-bottom:10px}#onetrust-pc-sdk .ot-pc-logo{height:40px;width:120px;display:inline-block}#onetrust-pc-sdk .ot-pc-footer{position:absolute;bottom:0px;width:100%;max-height:160px;border-top:1px solid #d8d8d8}#onetrust-pc-sdk.ot-ftr-stacked .ot-pc-refuse-all-handler{margin-bottom:0px}#onetrust-pc-sdk.ot-ftr-stacked #ot-pc-content{bottom:160px}#onetrust-pc-sdk.ot-ftr-stacked .ot-pc-footer button{width:100%;max-width:none}#onetrust-pc-sdk.ot-ftr-stacked .ot-btn-container{margin:0 30px;width:calc(100% - 60px);padding-right:0}#onetrust-pc-sdk .ot-pc-footer-logo{height:30px;width:100%;text-align:right;background:#f4f4f4}#onetrust-pc-sdk .ot-pc-footer-logo a{display:inline-block;margin-top:5px;margin-right:10px}#onetrust-pc-sdk[dir=rtl] .ot-pc-footer-logo{direction:rtl}#onetrust-pc-sdk[dir=rtl] .ot-pc-footer-logo a{margin-right:25px}#onetrust-pc-sdk .ot-tgl{float:right;position:relative;z-index:1}#onetrust-pc-sdk .ot-tgl input:checked+.ot-switch .ot-switch-nob{background-color:#cddcf2;border:1px solid #3860be}#onetrust-pc-sdk .ot-tgl input:checked+.ot-switch .ot-switch-nob:before{-webkit-transform:translateX(20px);-ms-transform:translateX(20px);transform:translateX(20px);background-color:#3860be;border-color:#3860be}#onetrust-pc-sdk .ot-tgl input:focus+.ot-switch{outline:#000 solid 1px}#onetrust-pc-sdk .ot-switch{position:relative;display:inline-block;width:45px;height:25px}#onetrust-pc-sdk .ot-switch-nob{position:absolute;cursor:pointer;top:0;left:0;right:0;bottom:0;background-color:#f2f1f1;border:1px solid #ddd;transition:all .2s ease-in 0s;-moz-transition:all .2s ease-in 0s;-o-transition:all .2s ease-in 0s;-webkit-transition:all .2s ease-in 0s;border-radius:20px}#onetrust-pc-sdk .ot-switch-nob:before{position:absolute;content:"";height:21px;width:21px;bottom:1px;background-color:#7d7d7d;-webkit-transition:.4s;transition:.4s;border-radius:20px}#onetrust-pc-sdk .ot-chkbox input:checked~label::before{background-color:#3860be}#onetrust-pc-sdk .ot-chkbox input+label::after{content:none;color:#fff}#onetrust-pc-sdk .ot-chkbox input:checked+label::after{content:""}#onetrust-pc-sdk .ot-chkbox input:focus+label::before{outline-style:solid;outline-width:2px;outline-style:auto}#onetrust-pc-sdk .ot-chkbox label{position:relative;display:inline-block;padding-left:30px;cursor:pointer;font-weight:500}#onetrust-pc-sdk .ot-chkbox label::before,#onetrust-pc-sdk .ot-chkbox label::after{position:absolute;content:"";display:inline-block;border-radius:3px}#onetrust-pc-sdk .ot-chkbox label::before{height:18px;width:18px;border:1px solid #3860be;left:0px;top:auto}#onetrust-pc-sdk .ot-chkbox label::after{height:5px;width:9px;border-left:3px solid;border-bottom:3px solid;transform:rotate(-45deg);-o-transform:rotate(-45deg);-ms-transform:rotate(-45deg);-webkit-transform:rotate(-45deg);left:4px;top:5px}#onetrust-pc-sdk .ot-label-txt{display:none}#onetrust-pc-sdk .ot-chkbox input,#onetrust-pc-sdk .ot-tgl input{position:absolute;opacity:0;width:0;height:0}#onetrust-pc-sdk .ot-arw-cntr{float:right;position:relative;pointer-events:none}#onetrust-pc-sdk .ot-arw-cntr .ot-arw{width:16px;height:16px;margin-left:5px;color:dimgray;display:inline-block;vertical-align:middle;-webkit-transition:all 150ms ease-in 0s;-moz-transition:all 150ms ease-in 0s;-o-transition:all 150ms ease-in 0s;transition:all 150ms ease-in 0s}#onetrust-pc-sdk input:checked~.ot-acc-hdr .ot-arw,#onetrust-pc-sdk button[aria-expanded=true]~.ot-acc-hdr .ot-arw-cntr svg{transform:rotate(90deg);-o-transform:rotate(90deg);-ms-transform:rotate(90deg);-webkit-transform:rotate(90deg)}#onetrust-pc-sdk input[type=checkbox]:focus+.ot-acc-hdr{outline:#000 1px solid}#onetrust-pc-sdk .ot-tgl-cntr,#onetrust-pc-sdk .ot-arw-cntr{display:inline-block}#onetrust-pc-sdk .ot-tgl-cntr{width:45px;float:right;margin-top:2px}#onetrust-pc-sdk #ot-lst-cnt .ot-tgl-cntr{margin-top:10px}#onetrust-pc-sdk .ot-always-active-subgroup{width:auto;padding-left:0px !important;top:3px;position:relative}#onetrust-pc-sdk .ot-label-status{padding-left:5px;font-size:.75em;display:none}#onetrust-pc-sdk .ot-arw-cntr{margin-top:-1px}#onetrust-pc-sdk .ot-arw-cntr svg{-webkit-transition:all 300ms ease-in 0s;-moz-transition:all 300ms ease-in 0s;-o-transition:all 300ms ease-in 0s;transition:all 300ms ease-in 0s;height:10px;width:10px}#onetrust-pc-sdk input:checked~.ot-acc-hdr .ot-arw{transform:rotate(90deg);-o-transform:rotate(90deg);-ms-transform:rotate(90deg);-webkit-transform:rotate(90deg)}#onetrust-pc-sdk .ot-arw{width:10px;margin-left:15px;transition:all 300ms ease-in 0s;-webkit-transition:all 300ms ease-in 0s;-moz-transition:all 300ms ease-in 0s;-o-transition:all 300ms ease-in 0s}#onetrust-pc-sdk .ot-vlst-cntr{margin-bottom:0}#onetrust-pc-sdk .ot-hlst-cntr{margin-top:5px;display:inline-block;width:100%}#onetrust-pc-sdk .category-vendors-list-handler,#onetrust-pc-sdk .category-vendors-list-handler+a,#onetrust-pc-sdk .category-host-list-handler{clear:both;color:#3860be;margin-left:0;font-size:.813em;text-decoration:none;float:left;overflow:hidden}#onetrust-pc-sdk .category-vendors-list-handler:hover,#onetrust-pc-sdk .category-vendors-list-handler+a:hover,#onetrust-pc-sdk .category-host-list-handler:hover{color:#1883fd}#onetrust-pc-sdk .category-vendors-list-handler+a{clear:none}#onetrust-pc-sdk .category-vendors-list-handler+a::after{content:"";height:15px;width:15px;background-repeat:no-repeat;margin-left:5px;float:right;background-image:url("data:image/svg+xml,%3Csvg xmlns='http://www.w3.org/2000/svg' viewBox='0 0 511.626 511.627'%3E%3Cg fill='%231276CE'%3E%3Cpath d='M392.857 292.354h-18.274c-2.669 0-4.859.855-6.563 2.573-1.718 1.708-2.573 3.897-2.573 6.563v91.361c0 12.563-4.47 23.315-13.415 32.262-8.945 8.945-19.701 13.414-32.264 13.414H82.224c-12.562 0-23.317-4.469-32.264-13.414-8.945-8.946-13.417-19.698-13.417-32.262V155.31c0-12.562 4.471-23.313 13.417-32.259 8.947-8.947 19.702-13.418 32.264-13.418h200.994c2.669 0 4.859-.859 6.57-2.57 1.711-1.713 2.566-3.9 2.566-6.567V82.221c0-2.662-.855-4.853-2.566-6.563-1.711-1.713-3.901-2.568-6.57-2.568H82.224c-22.648 0-42.016 8.042-58.102 24.125C8.042 113.297 0 132.665 0 155.313v237.542c0 22.647 8.042 42.018 24.123 58.095 16.086 16.084 35.454 24.13 58.102 24.13h237.543c22.647 0 42.017-8.046 58.101-24.13 16.085-16.077 24.127-35.447 24.127-58.095v-91.358c0-2.669-.856-4.859-2.574-6.57-1.713-1.718-3.903-2.573-6.565-2.573z'/%3E%3Cpath d='M506.199 41.971c-3.617-3.617-7.905-5.424-12.85-5.424H347.171c-4.948 0-9.233 1.807-12.847 5.424-3.617 3.615-5.428 7.898-5.428 12.847s1.811 9.233 5.428 12.85l50.247 50.248-186.147 186.151c-1.906 1.903-2.856 4.093-2.856 6.563 0 2.479.953 4.668 2.856 6.571l32.548 32.544c1.903 1.903 4.093 2.852 6.567 2.852s4.665-.948 6.567-2.852l186.148-186.148 50.251 50.248c3.614 3.617 7.898 5.426 12.847 5.426s9.233-1.809 12.851-5.426c3.617-3.616 5.424-7.898 5.424-12.847V54.818c-.001-4.952-1.814-9.232-5.428-12.847z'/%3E%3C/g%3E%3C/svg%3E")}#onetrust-pc-sdk .back-btn-handler{font-size:1em;text-decoration:none}#onetrust-pc-sdk .back-btn-handler:hover{opacity:.6}#onetrust-pc-sdk #ot-lst-title h3{display:inline-block;word-break:break-word;word-wrap:break-word;margin-bottom:0;color:#656565;font-size:1em;font-weight:bold;margin-left:15px}#onetrust-pc-sdk #ot-lst-title{margin:10px 0 10px 0px;font-size:1em;text-align:left}#onetrust-pc-sdk #ot-pc-hdr{margin:0 0 0 30px;height:auto;width:auto}#onetrust-pc-sdk #ot-pc-hdr input::placeholder{color:#d4d4d4;font-style:italic}#onetrust-pc-sdk #vendor-search-handler{height:31px;width:100%;border-radius:50px;font-size:.8em;padding-right:35px;padding-left:15px;float:left;margin-left:15px}#onetrust-pc-sdk .ot-ven-name{display:block;width:auto;padding-right:5px}#onetrust-pc-sdk #ot-lst-cnt{overflow-y:auto;margin-left:20px;margin-right:7px;width:calc(100% - 27px);max-height:calc(100% - 80px);height:100%;transform:translate3d(0, 0, 0)}#onetrust-pc-sdk #ot-pc-lst{width:100%;bottom:100px;position:absolute;top:60px}#onetrust-pc-sdk #ot-pc-lst:not(.ot-enbl-chr) .ot-tgl-cntr .ot-arw-cntr,#onetrust-pc-sdk #ot-pc-lst:not(.ot-enbl-chr) .ot-tgl-cntr .ot-arw-cntr *{visibility:hidden}#onetrust-pc-sdk #ot-pc-lst .ot-tgl-cntr{right:12px;position:absolute}#onetrust-pc-sdk #ot-pc-lst .ot-arw-cntr{float:right;position:relative}#onetrust-pc-sdk #ot-pc-lst .ot-arw{margin-left:10px}#onetrust-pc-sdk #ot-pc-lst .ot-acc-hdr{overflow:hidden;cursor:pointer}#onetrust-pc-sdk .ot-vlst-cntr{overflow:hidden}#onetrust-pc-sdk #ot-sel-blk{overflow:hidden;width:100%;position:sticky;position:-webkit-sticky;top:0;z-index:3}#onetrust-pc-sdk #ot-back-arw{height:12px;width:12px}#onetrust-pc-sdk .ot-lst-subhdr{width:100%;display:inline-block}#onetrust-pc-sdk .ot-search-cntr{float:left;width:78%;position:relative}#onetrust-pc-sdk .ot-search-cntr>svg{width:30px;height:30px;position:absolute;float:left;right:-15px}#onetrust-pc-sdk .ot-fltr-cntr{float:right;right:50px;position:relative}#onetrust-pc-sdk #filter-btn-handler{background-color:#3860be;border-radius:17px;display:inline-block;position:relative;width:32px;height:32px;-moz-transition:.1s ease;-o-transition:.1s ease;-webkit-transition:1s ease;transition:.1s ease;padding:0;margin:0}#onetrust-pc-sdk #filter-btn-handler:hover{background-color:#3860be}#onetrust-pc-sdk #filter-btn-handler svg{width:12px;height:12px;margin:3px 10px 0 10px;display:block;position:static;right:auto;top:auto}#onetrust-pc-sdk .ot-ven-link{color:#3860be;text-decoration:none;font-weight:100;display:inline-block;padding-top:10px;transform:translate(0, 1%);-o-transform:translate(0, 1%);-ms-transform:translate(0, 1%);-webkit-transform:translate(0, 1%);position:relative;z-index:2}#onetrust-pc-sdk .ot-ven-link *{font-size:inherit}#onetrust-pc-sdk .ot-ven-link:hover{text-decoration:underline}#onetrust-pc-sdk .ot-ven-hdr{width:calc(100% - 160px);height:auto;float:left;word-break:break-word;word-wrap:break-word;vertical-align:middle;padding-bottom:3px}#onetrust-pc-sdk .ot-ven-link{letter-spacing:.03em;font-size:.75em;font-weight:400}#onetrust-pc-sdk .ot-ven-dets{border-radius:2px;background-color:#f8f8f8}#onetrust-pc-sdk .ot-ven-dets li:first-child p:first-child{border-top:none}#onetrust-pc-sdk .ot-ven-dets .ot-ven-disc:not(:first-child){border-top:1px solid #e9e9e9}#onetrust-pc-sdk .ot-ven-dets .ot-ven-disc:nth-child(n+3) p{display:inline-block}#onetrust-pc-sdk .ot-ven-dets .ot-ven-disc:nth-child(n+3) p:nth-of-type(odd){width:30%}#onetrust-pc-sdk .ot-ven-dets .ot-ven-disc:nth-child(n+3) p:nth-of-type(even){width:50%;word-break:break-word;word-wrap:break-word}#onetrust-pc-sdk .ot-ven-dets .ot-ven-disc p,#onetrust-pc-sdk .ot-ven-dets .ot-ven-disc h4{padding-top:5px;padding-bottom:5px;display:block}#onetrust-pc-sdk .ot-ven-dets .ot-ven-disc h4{display:inline-block}#onetrust-pc-sdk .ot-ven-dets p,#onetrust-pc-sdk .ot-ven-dets h4,#onetrust-pc-sdk .ot-ven-dets span{font-size:.69em;text-align:left;vertical-align:middle;word-break:break-word;word-wrap:break-word;margin:0;padding-bottom:10px;padding-left:15px;color:#2e3644}#onetrust-pc-sdk .ot-ven-dets h4{padding-top:5px}#onetrust-pc-sdk .ot-ven-dets span{color:dimgray;padding:0;vertical-align:baseline}#onetrust-pc-sdk .ot-ven-dets .ot-ven-pur h4{border-top:1px solid #e9e9e9;border-bottom:1px solid #e9e9e9;padding-bottom:5px;margin-bottom:5px;font-weight:bold}#onetrust-pc-sdk #ot-host-lst .ot-sel-all{float:right;position:relative;margin-right:42px;top:10px}#onetrust-pc-sdk #ot-host-lst .ot-sel-all input[type=checkbox]{width:auto;height:auto}#onetrust-pc-sdk #ot-host-lst .ot-sel-all label{height:20px;width:20px;padding-left:0px}#onetrust-pc-sdk #ot-host-lst .ot-acc-txt{overflow:hidden;width:95%}#onetrust-pc-sdk .ot-host-hdr{position:relative;z-index:1;pointer-events:none;width:calc(100% - 125px);float:left}#onetrust-pc-sdk .ot-host-name,#onetrust-pc-sdk .ot-host-desc{display:inline-block;width:90%}#onetrust-pc-sdk .ot-host-name{pointer-events:none}#onetrust-pc-sdk .ot-host-hdr>a{text-decoration:underline;font-size:.82em;position:relative;z-index:2;float:left;margin-bottom:5px;pointer-events:initial}#onetrust-pc-sdk .ot-host-name+a{margin-top:5px}#onetrust-pc-sdk .ot-host-name,#onetrust-pc-sdk .ot-host-name a,#onetrust-pc-sdk .ot-host-desc,#onetrust-pc-sdk .ot-host-info{color:dimgray;word-break:break-word;word-wrap:break-word}#onetrust-pc-sdk .ot-host-name,#onetrust-pc-sdk .ot-host-name a{font-weight:bold;font-size:.82em;line-height:1.3}#onetrust-pc-sdk .ot-host-name a{font-size:1em}#onetrust-pc-sdk .ot-host-expand{margin-top:3px;margin-bottom:3px;clear:both;display:block;color:#3860be;font-size:.72em;font-weight:normal}#onetrust-pc-sdk .ot-host-expand *{font-size:inherit}#onetrust-pc-sdk .ot-host-desc,#onetrust-pc-sdk .ot-host-info{font-size:.688em;line-height:1.4;font-weight:normal}#onetrust-pc-sdk .ot-host-desc{margin-top:10px}#onetrust-pc-sdk .ot-host-opt{margin:0;font-size:inherit;display:inline-block;width:100%}#onetrust-pc-sdk .ot-host-opt li>div div{font-size:.8em;padding:5px 0}#onetrust-pc-sdk .ot-host-opt li>div div:nth-child(1){width:30%;float:left}#onetrust-pc-sdk .ot-host-opt li>div div:nth-child(2){width:70%;float:left;word-break:break-word;word-wrap:break-word}#onetrust-pc-sdk .ot-host-info{border:none;display:inline-block;width:calc(100% - 10px);padding:10px;margin-bottom:10px;background-color:#f8f8f8}#onetrust-pc-sdk .ot-host-info>div{overflow:auto}#onetrust-pc-sdk #no-results{text-align:center;margin-top:30px}#onetrust-pc-sdk #no-results p{font-size:1em;color:#2e3644;word-break:break-word;word-wrap:break-word}#onetrust-pc-sdk #no-results p span{font-weight:bold}#onetrust-pc-sdk #ot-fltr-modal{width:100%;height:auto;display:none;-moz-transition:.2s ease;-o-transition:.2s ease;-webkit-transition:2s ease;transition:.2s ease;overflow:hidden;opacity:1;right:0}#onetrust-pc-sdk #ot-fltr-modal .ot-label-txt{display:inline-block;font-size:.85em;color:dimgray}#onetrust-pc-sdk #ot-fltr-cnt{z-index:2147483646;background-color:#fff;position:absolute;height:90%;max-height:300px;width:325px;left:210px;margin-top:10px;margin-bottom:20px;padding-right:10px;border-radius:3px;-webkit-box-shadow:0px 0px 12px 2px #c7c5c7;-moz-box-shadow:0px 0px 12px 2px #c7c5c7;box-shadow:0px 0px 12px 2px #c7c5c7}#onetrust-pc-sdk .ot-fltr-scrlcnt{overflow-y:auto;overflow-x:hidden;clear:both;max-height:calc(100% - 60px)}#onetrust-pc-sdk #ot-anchor{border:12px solid transparent;display:none;position:absolute;z-index:2147483647;right:55px;top:75px;transform:rotate(45deg);-o-transform:rotate(45deg);-ms-transform:rotate(45deg);-webkit-transform:rotate(45deg);background-color:#fff;-webkit-box-shadow:-3px -3px 5px -2px #c7c5c7;-moz-box-shadow:-3px -3px 5px -2px #c7c5c7;box-shadow:-3px -3px 5px -2px #c7c5c7}#onetrust-pc-sdk .ot-fltr-btns{margin-left:15px}#onetrust-pc-sdk #filter-apply-handler{margin-right:15px}#onetrust-pc-sdk .ot-fltr-opt{margin-bottom:25px;margin-left:15px;width:75%;position:relative}#onetrust-pc-sdk .ot-fltr-opt p{display:inline-block;margin:0;font-size:.9em;color:#2e3644}#onetrust-pc-sdk .ot-chkbox label span{font-size:.85em;color:dimgray}#onetrust-pc-sdk .ot-chkbox input[type=checkbox]+label::after{content:none;color:#fff}#onetrust-pc-sdk .ot-chkbox input[type=checkbox]:checked+label::after{content:""}#onetrust-pc-sdk .ot-chkbox input[type=checkbox]:focus+label::before{outline-style:solid;outline-width:2px;outline-style:auto}#onetrust-pc-sdk #ot-selall-vencntr,#onetrust-pc-sdk #ot-selall-adtlvencntr,#onetrust-pc-sdk #ot-selall-hostcntr,#onetrust-pc-sdk #ot-selall-licntr,#onetrust-pc-sdk #ot-selall-gnvencntr{right:15px;position:relative;width:20px;height:20px;float:right}#onetrust-pc-sdk #ot-selall-vencntr label,#onetrust-pc-sdk #ot-selall-adtlvencntr label,#onetrust-pc-sdk #ot-selall-hostcntr label,#onetrust-pc-sdk #ot-selall-licntr label,#onetrust-pc-sdk #ot-selall-gnvencntr label{float:left;padding-left:0}#onetrust-pc-sdk #ot-ven-lst:first-child{border-top:1px solid #e2e2e2}#onetrust-pc-sdk ul{list-style:none;padding:0}#onetrust-pc-sdk ul li{position:relative;margin:0;padding:15px 15px 15px 10px;border-bottom:1px solid #e2e2e2}#onetrust-pc-sdk ul li h3{font-size:.75em;color:#656565;margin:0;display:inline-block;width:70%;height:auto;word-break:break-word;word-wrap:break-word}#onetrust-pc-sdk ul li p{margin:0;font-size:.7em}#onetrust-pc-sdk ul li input[type=checkbox]{position:absolute;cursor:pointer;width:100%;height:100%;opacity:0;margin:0;top:0;left:0}#onetrust-pc-sdk .ot-cat-item>button:focus,#onetrust-pc-sdk .ot-acc-cntr>button:focus,#onetrust-pc-sdk li>button:focus{outline:#000 solid 2px}#onetrust-pc-sdk .ot-cat-item>button,#onetrust-pc-sdk .ot-acc-cntr>button,#onetrust-pc-sdk li>button{position:absolute;cursor:pointer;width:100%;height:100%;margin:0;top:0;left:0;z-index:1;max-width:none;border:none}#onetrust-pc-sdk .ot-cat-item>button[aria-expanded=false]~.ot-acc-txt,#onetrust-pc-sdk .ot-acc-cntr>button[aria-expanded=false]~.ot-acc-txt,#onetrust-pc-sdk li>button[aria-expanded=false]~.ot-acc-txt{margin-top:0;max-height:0;opacity:0;overflow:hidden;width:100%;transition:.25s ease-out;display:none}#onetrust-pc-sdk .ot-cat-item>button[aria-expanded=true]~.ot-acc-txt,#onetrust-pc-sdk .ot-acc-cntr>button[aria-expanded=true]~.ot-acc-txt,#onetrust-pc-sdk li>button[aria-expanded=true]~.ot-acc-txt{transition:.1s ease-in;margin-top:10px;width:100%;overflow:auto;display:block}#onetrust-pc-sdk .ot-cat-item>button[aria-expanded=true]~.ot-acc-grpcntr,#onetrust-pc-sdk .ot-acc-cntr>button[aria-expanded=true]~.ot-acc-grpcntr,#onetrust-pc-sdk li>button[aria-expanded=true]~.ot-acc-grpcntr{width:auto;margin-top:0px;padding-bottom:10px}#onetrust-pc-sdk .ot-host-item>button:focus,#onetrust-pc-sdk .ot-ven-item>button:focus{outline:0;border:2px solid #000}#onetrust-pc-sdk .ot-hide-acc>button{pointer-events:none}#onetrust-pc-sdk .ot-hide-acc .ot-plus-minus>*,#onetrust-pc-sdk .ot-hide-acc .ot-arw-cntr>*{visibility:hidden}#onetrust-pc-sdk .ot-hide-acc .ot-acc-hdr{min-height:30px}#onetrust-pc-sdk.ot-addtl-vendors #ot-lst-cnt:not(.ot-host-cnt){padding-right:10px;width:calc(100% - 37px);margin-top:10px;max-height:calc(100% - 90px)}#onetrust-pc-sdk.ot-addtl-vendors #ot-lst-cnt:not(.ot-host-cnt) #ot-sel-blk{background-color:#f9f9fc;border:1px solid #e2e2e2;width:calc(100% - 2px);padding-bottom:5px;padding-top:5px}#onetrust-pc-sdk.ot-addtl-vendors #ot-lst-cnt:not(.ot-host-cnt) .ot-sel-all{padding-right:34px}#onetrust-pc-sdk.ot-addtl-vendors #ot-lst-cnt:not(.ot-host-cnt) .ot-sel-all-chkbox{width:auto}#onetrust-pc-sdk.ot-addtl-vendors #ot-lst-cnt:not(.ot-host-cnt) ul li{border:1px solid #e2e2e2;margin-bottom:10px}#onetrust-pc-sdk.ot-addtl-vendors #ot-lst-cnt:not(.ot-host-cnt) .ot-acc-cntr>.ot-acc-hdr{padding:10px 0 10px 15px}#onetrust-pc-sdk.ot-addtl-vendors .ot-sel-all-chkbox{float:right}#onetrust-pc-sdk.ot-addtl-vendors .ot-plus-minus~.ot-sel-all-chkbox{right:34px}#onetrust-pc-sdk.ot-addtl-vendors #ot-ven-lst:first-child{border-top:none}#onetrust-pc-sdk .ot-acc-cntr{position:relative;border-left:1px solid #e2e2e2;border-right:1px solid #e2e2e2;border-bottom:1px solid #e2e2e2}#onetrust-pc-sdk .ot-acc-cntr input{z-index:1}#onetrust-pc-sdk .ot-acc-cntr>.ot-acc-hdr{background-color:#f9f9fc;padding:5px 0 5px 15px;width:auto}#onetrust-pc-sdk .ot-acc-cntr>.ot-acc-hdr .ot-plus-minus{vertical-align:middle;top:auto}#onetrust-pc-sdk .ot-acc-cntr>.ot-acc-hdr .ot-arw-cntr{right:10px}#onetrust-pc-sdk .ot-acc-cntr>.ot-acc-hdr input{z-index:2}#onetrust-pc-sdk .ot-acc-cntr>input[type=checkbox]:checked~.ot-acc-hdr{border-bottom:1px solid #e2e2e2}#onetrust-pc-sdk .ot-acc-cntr>.ot-acc-txt{padding-left:10px;padding-right:10px}#onetrust-pc-sdk .ot-acc-cntr button[aria-expanded=true]~.ot-acc-txt{width:auto}#onetrust-pc-sdk .ot-acc-cntr .ot-addtl-venbox{display:none}#onetrust-pc-sdk .ot-vlst-cntr{margin-bottom:0;width:100%}#onetrust-pc-sdk .ot-vensec-title{font-size:.813em;vertical-align:middle;display:inline-block}#onetrust-pc-sdk .category-vendors-list-handler,#onetrust-pc-sdk .category-vendors-list-handler+a{margin-left:0;margin-top:10px}#onetrust-pc-sdk #ot-selall-vencntr.line-through label::after,#onetrust-pc-sdk #ot-selall-adtlvencntr.line-through label::after,#onetrust-pc-sdk #ot-selall-licntr.line-through label::after,#onetrust-pc-sdk #ot-selall-hostcntr.line-through label::after,#onetrust-pc-sdk #ot-selall-gnvencntr.line-through label::after{height:auto;border-left:0;transform:none;-o-transform:none;-ms-transform:none;-webkit-transform:none;left:5px;top:9px}#onetrust-pc-sdk #ot-category-title{float:left;padding-bottom:10px;font-size:1em;width:100%}#onetrust-pc-sdk .ot-cat-grp{margin-top:10px}#onetrust-pc-sdk .ot-cat-item{line-height:1.1;margin-top:10px;display:inline-block;width:100%}#onetrust-pc-sdk .ot-btn-container{text-align:right}#onetrust-pc-sdk .ot-btn-container button{display:inline-block;font-size:.75em;letter-spacing:.08em;margin-top:19px}#onetrust-pc-sdk #close-pc-btn-handler.ot-close-icon{position:absolute;top:10px;right:0;z-index:1;padding:0;background-color:transparent;border:none}#onetrust-pc-sdk #close-pc-btn-handler.ot-close-icon:hover{opacity:.7}#onetrust-pc-sdk #close-pc-btn-handler.ot-close-icon svg{display:block;height:10px;width:10px}#onetrust-pc-sdk #clear-filters-handler{margin-top:20px;margin-bottom:10px;float:right;max-width:200px;text-decoration:none;color:#3860be;font-size:.9em;font-weight:bold;background-color:transparent;border-color:transparent;padding:1px}#onetrust-pc-sdk #clear-filters-handler:hover{color:#2285f7}#onetrust-pc-sdk #clear-filters-handler:focus{outline:#000 solid 1px}#onetrust-pc-sdk .ot-accordion-layout.ot-cat-item{position:relative;border-radius:2px;margin:0;padding:0;border:1px solid #d8d8d8;border-top:none;width:calc(100% - 2px);float:left}#onetrust-pc-sdk .ot-accordion-layout.ot-cat-item:first-of-type{margin-top:10px;border-top:1px solid #d8d8d8}#onetrust-pc-sdk .ot-accordion-layout .ot-acc-grpdesc{padding-left:20px;padding-right:20px;width:calc(100% - 40px);font-size:.812em;margin-bottom:10px;margin-top:15px}#onetrust-pc-sdk .ot-accordion-layout .ot-acc-grpdesc>ul{padding-top:10px}#onetrust-pc-sdk .ot-accordion-layout .ot-acc-grpdesc>ul li{padding-top:0;line-height:1.5;padding-bottom:10px}#onetrust-pc-sdk .ot-accordion-layout div+.ot-acc-grpdesc{margin-top:5px}#onetrust-pc-sdk .ot-accordion-layout .ot-vlst-cntr:first-child{margin-top:10px}#onetrust-pc-sdk .ot-accordion-layout .ot-vlst-cntr:last-child,#onetrust-pc-sdk .ot-accordion-layout .ot-hlst-cntr:last-child{margin-bottom:5px}#onetrust-pc-sdk .ot-accordion-layout .ot-acc-hdr{padding-top:11.5px;padding-bottom:11.5px;padding-left:20px;padding-right:20px;width:calc(100% - 40px);display:inline-block}#onetrust-pc-sdk .ot-accordion-layout .ot-acc-txt{width:100%;padding:0px}#onetrust-pc-sdk .ot-accordion-layout .ot-subgrp-cntr{padding-left:20px;padding-right:15px;padding-bottom:0;width:calc(100% - 35px)}#onetrust-pc-sdk .ot-accordion-layout .ot-subgrp{padding-right:5px}#onetrust-pc-sdk .ot-accordion-layout .ot-acc-grpcntr{z-index:1;position:relative}#onetrust-pc-sdk .ot-accordion-layout .ot-cat-header+.ot-arw-cntr{position:absolute;top:50%;transform:translateY(-50%);right:20px;margin-top:-2px}#onetrust-pc-sdk .ot-accordion-layout .ot-cat-header+.ot-arw-cntr .ot-arw{width:15px;height:20px;margin-left:5px;color:dimgray}#onetrust-pc-sdk .ot-accordion-layout .ot-cat-header{float:none;color:#2e3644;margin:0;display:inline-block;height:auto;word-wrap:break-word;min-height:inherit}#onetrust-pc-sdk .ot-accordion-layout .ot-vlst-cntr,#onetrust-pc-sdk .ot-accordion-layout .ot-hlst-cntr{padding-left:20px;width:calc(100% - 20px);display:inline-block;margin-top:0px;padding-bottom:2px}#onetrust-pc-sdk .ot-accordion-layout .ot-acc-hdr{position:relative;min-height:25px}#onetrust-pc-sdk .ot-accordion-layout h4~.ot-tgl,#onetrust-pc-sdk .ot-accordion-layout h4~.ot-always-active{position:absolute;top:50%;transform:translateY(-50%);right:20px}#onetrust-pc-sdk .ot-accordion-layout h4~.ot-tgl+.ot-tgl{right:95px}#onetrust-pc-sdk .ot-accordion-layout .category-vendors-list-handler,#onetrust-pc-sdk .ot-accordion-layout .category-vendors-list-handler+a{margin-top:5px}#onetrust-pc-sdk .ot-enbl-chr h4~.ot-tgl,#onetrust-pc-sdk .ot-enbl-chr h4~.ot-always-active{right:45px}#onetrust-pc-sdk .ot-enbl-chr h4~.ot-tgl+.ot-tgl{right:120px}#onetrust-pc-sdk .ot-enbl-chr .ot-pli-hdr.ot-leg-border-color span:first-child{width:90px}#onetrust-pc-sdk .ot-enbl-chr li.ot-subgrp>h5+.ot-tgl-cntr{padding-right:25px}#onetrust-pc-sdk .ot-plus-minus{width:20px;height:20px;font-size:1.5em;position:relative;display:inline-block;margin-right:5px;top:3px}#onetrust-pc-sdk .ot-plus-minus span{position:absolute;background:#27455c;border-radius:1px}#onetrust-pc-sdk .ot-plus-minus span:first-of-type{top:25%;bottom:25%;width:10%;left:45%}#onetrust-pc-sdk .ot-plus-minus span:last-of-type{left:25%;right:25%;height:10%;top:45%}#onetrust-pc-sdk button[aria-expanded=true]~.ot-acc-hdr .ot-arw,#onetrust-pc-sdk button[aria-expanded=true]~.ot-acc-hdr .ot-plus-minus span:first-of-type,#onetrust-pc-sdk button[aria-expanded=true]~.ot-acc-hdr .ot-plus-minus span:last-of-type{transform:rotate(90deg)}#onetrust-pc-sdk button[aria-expanded=true]~.ot-acc-hdr .ot-plus-minus span:last-of-type{left:50%;right:50%}#onetrust-pc-sdk #ot-selall-vencntr label,#onetrust-pc-sdk #ot-selall-adtlvencntr label,#onetrust-pc-sdk #ot-selall-hostcntr label,#onetrust-pc-sdk #ot-selall-licntr label{position:relative;display:inline-block;width:20px;height:20px}#onetrust-pc-sdk .ot-host-item .ot-plus-minus,#onetrust-pc-sdk .ot-ven-item .ot-plus-minus{float:left;margin-right:8px;top:10px}#onetrust-pc-sdk .ot-ven-item ul{list-style:none inside;font-size:100%;margin:0}#onetrust-pc-sdk .ot-ven-item ul li{margin:0 !important;padding:0;border:none !important}#onetrust-pc-sdk .ot-pli-hdr{color:#77808e;overflow:hidden;padding-top:7.5px;padding-bottom:7.5px;width:calc(100% - 2px);border-top-left-radius:3px;border-top-right-radius:3px}#onetrust-pc-sdk .ot-pli-hdr span:first-child{top:50%;transform:translateY(50%);max-width:90px}#onetrust-pc-sdk .ot-pli-hdr span:last-child{padding-right:10px;max-width:95px;text-align:center}#onetrust-pc-sdk .ot-li-title{float:right;font-size:.813em}#onetrust-pc-sdk .ot-pli-hdr.ot-leg-border-color{background-color:#f4f4f4;border:1px solid #d8d8d8}#onetrust-pc-sdk .ot-pli-hdr.ot-leg-border-color span:first-child{text-align:left;width:70px}#onetrust-pc-sdk li.ot-subgrp>h5,#onetrust-pc-sdk .ot-cat-header{width:calc(100% - 130px)}#onetrust-pc-sdk li.ot-subgrp>h5+.ot-tgl-cntr{padding-left:13px}#onetrust-pc-sdk .ot-acc-grpcntr .ot-acc-grpdesc{margin-bottom:5px}#onetrust-pc-sdk .ot-acc-grpcntr .ot-subgrp-cntr{border-top:1px solid #d8d8d8}#onetrust-pc-sdk .ot-acc-grpcntr .ot-vlst-cntr+.ot-subgrp-cntr{border-top:none}#onetrust-pc-sdk .ot-acc-hdr .ot-arw-cntr+.ot-tgl-cntr,#onetrust-pc-sdk .ot-acc-txt h4+.ot-tgl-cntr{padding-left:13px}#onetrust-pc-sdk .ot-pli-hdr~.ot-cat-item .ot-subgrp>h5,#onetrust-pc-sdk .ot-pli-hdr~.ot-cat-item .ot-cat-header{width:calc(100% - 145px)}#onetrust-pc-sdk .ot-pli-hdr~.ot-cat-item h5+.ot-tgl-cntr,#onetrust-pc-sdk .ot-pli-hdr~.ot-cat-item .ot-cat-header+.ot-tgl{padding-left:28px}#onetrust-pc-sdk .ot-sel-all-hdr,#onetrust-pc-sdk .ot-sel-all-chkbox{display:inline-block;width:100%;position:relative}#onetrust-pc-sdk .ot-sel-all-chkbox{z-index:1}#onetrust-pc-sdk .ot-sel-all{margin:0;position:relative;padding-right:23px;float:right}#onetrust-pc-sdk .ot-consent-hdr,#onetrust-pc-sdk .ot-li-hdr{float:right;font-size:.812em;line-height:normal;text-align:center;word-break:break-word;word-wrap:break-word}#onetrust-pc-sdk .ot-li-hdr{max-width:100px;padding-right:10px}#onetrust-pc-sdk .ot-consent-hdr{max-width:55px}#onetrust-pc-sdk #ot-selall-licntr{display:block;width:21px;height:auto;float:right;position:relative;right:80px}#onetrust-pc-sdk #ot-selall-licntr label{position:absolute}#onetrust-pc-sdk .ot-ven-ctgl{margin-left:66px}#onetrust-pc-sdk .ot-ven-litgl+.ot-arw-cntr{margin-left:81px}#onetrust-pc-sdk .ot-enbl-chr .ot-host-cnt .ot-tgl-cntr{width:auto}#onetrust-pc-sdk #ot-lst-cnt:not(.ot-host-cnt) .ot-tgl-cntr{width:auto;top:auto;height:20px}#onetrust-pc-sdk #ot-lst-cnt .ot-chkbox{position:relative;display:inline-block;width:20px;height:20px}#onetrust-pc-sdk #ot-lst-cnt .ot-chkbox label{position:absolute;padding:0;width:20px;height:20px}#onetrust-pc-sdk .ot-acc-grpdesc+.ot-leg-btn-container{padding-left:20px;padding-right:20px;width:calc(100% - 40px);margin-bottom:5px}#onetrust-pc-sdk .ot-subgrp .ot-leg-btn-container{margin-bottom:5px}#onetrust-pc-sdk #ot-ven-lst .ot-leg-btn-container{margin-top:10px}#onetrust-pc-sdk .ot-leg-btn-container{display:inline-block;width:100%;margin-bottom:10px}#onetrust-pc-sdk .ot-leg-btn-container button{height:auto;padding:6.5px 8px;margin-bottom:0;letter-spacing:0;font-size:.75em;line-height:normal}#onetrust-pc-sdk .ot-leg-btn-container svg{display:none;height:14px;width:14px;padding-right:5px;vertical-align:sub}#onetrust-pc-sdk .ot-active-leg-btn{cursor:default;pointer-events:none}#onetrust-pc-sdk .ot-active-leg-btn svg{display:inline-block}#onetrust-pc-sdk .ot-remove-objection-handler{text-decoration:underline;padding:0;font-size:.75em;font-weight:600;line-height:1;padding-left:10px}#onetrust-pc-sdk .ot-obj-leg-btn-handler span{font-weight:bold;text-align:center;font-size:inherit;line-height:1.5}#onetrust-pc-sdk.ot-close-btn-link #close-pc-btn-handler{border:none;height:auto;line-height:1.5;text-decoration:underline;font-size:.69em;background:none;right:15px;top:15px;width:auto;font-weight:normal}#onetrust-pc-sdk[dir=rtl] #ot-back-arw,#onetrust-pc-sdk[dir=rtl] input~.ot-acc-hdr .ot-arw{transform:rotate(180deg);-o-transform:rotate(180deg);-ms-transform:rotate(180deg);-webkit-transform:rotate(180deg)}#onetrust-pc-sdk[dir=rtl] input:checked~.ot-acc-hdr .ot-arw{transform:rotate(270deg);-o-transform:rotate(270deg);-ms-transform:rotate(270deg);-webkit-transform:rotate(270deg)}#onetrust-pc-sdk[dir=rtl] .ot-chkbox label::after{transform:rotate(45deg);-webkit-transform:rotate(45deg);-o-transform:rotate(45deg);-ms-transform:rotate(45deg);border-left:0;border-right:3px solid}#onetrust-pc-sdk[dir=rtl] .ot-search-cntr>svg{right:0}@media only screen and (max-width: 600px){#onetrust-pc-sdk.otPcCenter{left:0;min-width:100%;height:100%;top:0;border-radius:0}#onetrust-pc-sdk #ot-pc-content,#onetrust-pc-sdk.ot-ftr-stacked .ot-btn-container{margin:1px 3px 0 10px;padding-right:10px;width:calc(100% - 23px)}#onetrust-pc-sdk .ot-btn-container button{max-width:none;letter-spacing:.01em}#onetrust-pc-sdk #close-pc-btn-handler{top:10px;right:17px}#onetrust-pc-sdk p{font-size:.7em}#onetrust-pc-sdk #ot-pc-hdr{margin:10px 10px 0 5px;width:calc(100% - 15px)}#onetrust-pc-sdk .vendor-search-handler{font-size:1em}#onetrust-pc-sdk #ot-back-arw{margin-left:12px}#onetrust-pc-sdk #ot-lst-cnt{margin:0;padding:0 5px 0 10px;min-width:95%}#onetrust-pc-sdk .switch+p{max-width:80%}#onetrust-pc-sdk .ot-ftr-stacked button{width:100%}#onetrust-pc-sdk #ot-fltr-cnt{max-width:320px;width:90%;border-top-right-radius:0;border-bottom-right-radius:0;margin:0;margin-left:15px;left:auto;right:40px;top:85px}#onetrust-pc-sdk .ot-fltr-opt{margin-left:25px;margin-bottom:10px}#onetrust-pc-sdk .ot-pc-refuse-all-handler{margin-bottom:0}#onetrust-pc-sdk #ot-fltr-cnt{right:40px}}@media only screen and (max-width: 476px){#onetrust-pc-sdk .ot-fltr-cntr,#onetrust-pc-sdk #ot-fltr-cnt{right:10px}#onetrust-pc-sdk #ot-anchor{right:25px}#onetrust-pc-sdk button{width:100%}#onetrust-pc-sdk:not(.ot-addtl-vendors) #ot-pc-lst:not(.ot-enbl-chr) .ot-sel-all{padding-right:9px}#onetrust-pc-sdk:not(.ot-addtl-vendors) #ot-pc-lst:not(.ot-enbl-chr) .ot-tgl-cntr{right:0}}@media only screen and (max-width: 896px)and (max-height: 425px)and (orientation: landscape){#onetrust-pc-sdk.otPcCenter{left:0;top:0;min-width:100%;height:100%;border-radius:0}#onetrust-pc-sdk #ot-anchor{left:initial;right:50px}#onetrust-pc-sdk #ot-lst-title{margin-top:12px}#onetrust-pc-sdk #ot-lst-title *{font-size:inherit}#onetrust-pc-sdk #ot-pc-hdr input{margin-right:0;padding-right:45px}#onetrust-pc-sdk .switch+p{max-width:85%}#onetrust-pc-sdk #ot-sel-blk{position:static}#onetrust-pc-sdk #ot-pc-lst{overflow:auto}#onetrust-pc-sdk #ot-lst-cnt{max-height:none;overflow:initial}#onetrust-pc-sdk #ot-lst-cnt.no-results{height:auto}#onetrust-pc-sdk input{font-size:1em !important}#onetrust-pc-sdk p{font-size:.6em}#onetrust-pc-sdk #ot-fltr-modal{width:100%;top:0}#onetrust-pc-sdk ul li p,#onetrust-pc-sdk .category-vendors-list-handler,#onetrust-pc-sdk .category-vendors-list-handler+a,#onetrust-pc-sdk .category-host-list-handler{font-size:.6em}#onetrust-pc-sdk.ot-shw-fltr #ot-anchor{display:none !important}#onetrust-pc-sdk.ot-shw-fltr #ot-pc-lst{height:100% !important;overflow:hidden;top:0px}#onetrust-pc-sdk.ot-shw-fltr #ot-fltr-cnt{margin:0;height:100%;max-height:none;padding:10px;top:0;width:calc(100% - 20px);position:absolute;right:0;left:0;max-width:none}#onetrust-pc-sdk.ot-shw-fltr .ot-fltr-scrlcnt{max-height:calc(100% - 65px)}}
            #onetrust-consent-sdk #onetrust-pc-sdk,
                #onetrust-consent-sdk #ot-search-cntr,
                #onetrust-consent-sdk #onetrust-pc-sdk .ot-switch.ot-toggle,
                #onetrust-consent-sdk #onetrust-pc-sdk ot-grp-hdr1 .checkbox,
                #onetrust-consent-sdk #onetrust-pc-sdk #ot-pc-title:after
                ,#onetrust-consent-sdk #onetrust-pc-sdk #ot-sel-blk,
                        #onetrust-consent-sdk #onetrust-pc-sdk #ot-fltr-cnt,
                        #onetrust-consent-sdk #onetrust-pc-sdk #ot-anchor {
                    background-color: #FFFFFF;
                }

            #onetrust-consent-sdk #onetrust-pc-sdk h3,
                #onetrust-consent-sdk #onetrust-pc-sdk h4,
                #onetrust-consent-sdk #onetrust-pc-sdk h5,
                #onetrust-consent-sdk #onetrust-pc-sdk h6,
                #onetrust-consent-sdk #onetrust-pc-sdk p,
                #onetrust-consent-sdk #onetrust-pc-sdk #ot-ven-lst .ot-ven-opts p,
                #onetrust-consent-sdk #onetrust-pc-sdk #ot-pc-desc,
                #onetrust-consent-sdk #onetrust-pc-sdk #ot-pc-title,
                #onetrust-consent-sdk #onetrust-pc-sdk .ot-li-title,
                #onetrust-consent-sdk #onetrust-pc-sdk .ot-sel-all-hdr span,
                #onetrust-consent-sdk #onetrust-pc-sdk #ot-host-lst .ot-host-info,
                #onetrust-consent-sdk #onetrust-pc-sdk #ot-fltr-modal #modal-header,
                #onetrust-consent-sdk #onetrust-pc-sdk .ot-checkbox label span,
                #onetrust-consent-sdk #onetrust-pc-sdk #ot-pc-lst #ot-sel-blk p,
                #onetrust-consent-sdk #onetrust-pc-sdk #ot-pc-lst #ot-lst-title h3,
                #onetrust-consent-sdk #onetrust-pc-sdk #ot-pc-lst .back-btn-handler p,
                #onetrust-consent-sdk #onetrust-pc-sdk #ot-pc-lst .ot-ven-name,
                #onetrust-consent-sdk #onetrust-pc-sdk #ot-pc-lst #ot-ven-lst .consent-category,
                #onetrust-consent-sdk #onetrust-pc-sdk .ot-leg-btn-container .ot-inactive-leg-btn,
                #onetrust-consent-sdk #onetrust-pc-sdk .ot-label-status,
                #onetrust-consent-sdk #onetrust-pc-sdk .ot-chkbox label span,
                #onetrust-consent-sdk #onetrust-pc-sdk #clear-filters-handler
                {
                    color: #696969;
                }
             #onetrust-consent-sdk #onetrust-pc-sdk .privacy-notice-link,
                    #onetrust-consent-sdk #onetrust-pc-sdk .category-vendors-list-handler,
                    #onetrust-consent-sdk #onetrust-pc-sdk .category-vendors-list-handler + a,
                    #onetrust-consent-sdk #onetrust-pc-sdk .category-host-list-handler,
                    #onetrust-consent-sdk #onetrust-pc-sdk .ot-ven-link,
                    #onetrust-consent-sdk #onetrust-pc-sdk #ot-host-lst .ot-host-name a,
                    #onetrust-consent-sdk #onetrust-pc-sdk #ot-host-lst .ot-acc-hdr .ot-host-expand,
                    #onetrust-consent-sdk #onetrust-pc-sdk #ot-host-lst .ot-host-info a
                    {
                        color: #3860BE;
                    }
            #onetrust-consent-sdk #onetrust-pc-sdk .category-vendors-list-handler:hover { opacity: .7;}
            #onetrust-consent-sdk #onetrust-pc-sdk .ot-acc-grpcntr.ot-acc-txt,
            #onetrust-consent-sdk #onetrust-pc-sdk .ot-acc-txt .ot-subgrp-tgl .ot-switch.ot-toggle
             {
                background-color: #F8F8F8;
            }
             #onetrust-consent-sdk #onetrust-pc-sdk #ot-host-lst .ot-host-info,
                    #onetrust-consent-sdk #onetrust-pc-sdk .ot-acc-txt .ot-ven-dets
                            {
                                background-color: #F8F8F8;
                            }
        #onetrust-consent-sdk #onetrust-pc-sdk
            button:not(#clear-filters-handler):not(.ot-close-icon):not(#filter-btn-handler):not(.ot-remove-objection-handler):not(.ot-obj-leg-btn-handler):not([aria-expanded]):not(.ot-link-btn),
            #onetrust-consent-sdk #onetrust-pc-sdk .ot-leg-btn-container .ot-active-leg-btn {
                background-color: #FDC301;border-color: #FDC301;
                color: #0e100e;
            }
            #onetrust-consent-sdk #onetrust-pc-sdk .ot-active-menu {
                border-color: #FDC301;
            }

            #onetrust-consent-sdk #onetrust-pc-sdk .ot-leg-btn-container .ot-remove-objection-handler{
                background-color: transparent;
                border: 1px solid transparent;
            }
            #onetrust-consent-sdk #onetrust-pc-sdk .ot-leg-btn-container .ot-inactive-leg-btn {
                background-color: #FFFFFF;
                color: #78808E; border-color: #78808E;
            }

            #onetrust-consent-sdk #onetrust-pc-sdk .ot-tgl input:focus + .ot-switch, .ot-switch .ot-switch-nob, .ot-switch .ot-switch-nob:before,
            #onetrust-pc-sdk .ot-checkbox input[type="checkbox"]:focus + label::before,
            #onetrust-pc-sdk .ot-chkbox input[type="checkbox"]:focus + label::before {
                outline-color: #000000;
                outline-width: 1px;
            }
            #onetrust-pc-sdk .ot-host-item > button:focus, #onetrust-pc-sdk .ot-ven-item > button:focus {
                border: 1px solid #000000;
            }
            #onetrust-consent-sdk #onetrust-pc-sdk *:focus,
            #onetrust-consent-sdk #onetrust-pc-sdk .ot-vlst-cntr > a:focus {
               outline: 1px solid #000000;
            }#onetrust-consent-sdk {
 font-family: Arial, sans-serif;
}
#onetrust-pc-sdk .ot-always-active {
font-size: 14px;
 font-weight: bold;
 color: #09a501;
}
#onetrust-consent-sdk #onetrust-pc-sdk .active-group {
    border-color: #FFFFFF;
}
#onetrust-pc-sdk .ot-button-group button {
  font-weight: bold;
}
#onetrust-consent-sdk #onetrust-pc-sdk .ot-button-group .onetrust-close-btn-handler {
   background-color: #d8d8d8 !important ;
   border-color: #d8d8d8 !important ;
}
#onetrust-consent-sdk h3 {
  font-size: 14px !important;
}
#onetrust-pc-sdk .pc-header {
 padding: 10px;
}
#onetrust-pc-sdk .ot-toggle .checkbox input:checked+label:after {
    background: #6cc04a;
}
#onetrust-pc-sdk #pc-policy-text a {
   color: inherit;
}
#onetrust-pc-sdk #close-pc-btn-handler.ot-close-icon {
  display: none;
}
#onetrust-pc-sdk .group-description ul {
font-size: inherit;
}
#onetrust-pc-sdk .group-description ul li {
list-style: none;
}.ot-sdk-cookie-policy{font-family:inherit;font-size:16px}.ot-sdk-cookie-policy.otRelFont{font-size:1rem}.ot-sdk-cookie-policy h3,.ot-sdk-cookie-policy h4,.ot-sdk-cookie-policy h6,.ot-sdk-cookie-policy p,.ot-sdk-cookie-policy li,.ot-sdk-cookie-policy a,.ot-sdk-cookie-policy th,.ot-sdk-cookie-policy #cookie-policy-description,.ot-sdk-cookie-policy .ot-sdk-cookie-policy-group,.ot-sdk-cookie-policy #cookie-policy-title{color:dimgray}.ot-sdk-cookie-policy #cookie-policy-description{margin-bottom:1em}.ot-sdk-cookie-policy h4{font-size:1.2em}.ot-sdk-cookie-policy h6{font-size:1em;margin-top:2em}.ot-sdk-cookie-policy th{min-width:75px}.ot-sdk-cookie-policy a,.ot-sdk-cookie-policy a:hover{background:#fff}.ot-sdk-cookie-policy thead{background-color:#f6f6f4;font-weight:bold}.ot-sdk-cookie-policy .ot-mobile-border{display:none}.ot-sdk-cookie-policy section{margin-bottom:2em}.ot-sdk-cookie-policy table{border-collapse:inherit}#ot-sdk-cookie-policy-v2.ot-sdk-cookie-policy{font-family:inherit;font-size:1rem}#ot-sdk-cookie-policy-v2.ot-sdk-cookie-policy h3,#ot-sdk-cookie-policy-v2.ot-sdk-cookie-policy h4,#ot-sdk-cookie-policy-v2.ot-sdk-cookie-policy h6,#ot-sdk-cookie-policy-v2.ot-sdk-cookie-policy p,#ot-sdk-cookie-policy-v2.ot-sdk-cookie-policy li,#ot-sdk-cookie-policy-v2.ot-sdk-cookie-policy a,#ot-sdk-cookie-policy-v2.ot-sdk-cookie-policy th,#ot-sdk-cookie-policy-v2.ot-sdk-cookie-policy #cookie-policy-description,#ot-sdk-cookie-policy-v2.ot-sdk-cookie-policy .ot-sdk-cookie-policy-group,#ot-sdk-cookie-policy-v2.ot-sdk-cookie-policy #cookie-policy-title{color:dimgray}#ot-sdk-cookie-policy-v2.ot-sdk-cookie-policy #cookie-policy-description{margin-bottom:1em}#ot-sdk-cookie-policy-v2.ot-sdk-cookie-policy .ot-sdk-subgroup{margin-left:1.5em}#ot-sdk-cookie-policy-v2.ot-sdk-cookie-policy #cookie-policy-description,#ot-sdk-cookie-policy-v2.ot-sdk-cookie-policy .ot-sdk-cookie-policy-group-desc,#ot-sdk-cookie-policy-v2.ot-sdk-cookie-policy .ot-table-header,#ot-sdk-cookie-policy-v2.ot-sdk-cookie-policy a,#ot-sdk-cookie-policy-v2.ot-sdk-cookie-policy span,#ot-sdk-cookie-policy-v2.ot-sdk-cookie-policy td{font-size:.9em}#ot-sdk-cookie-policy-v2.ot-sdk-cookie-policy td span,#ot-sdk-cookie-policy-v2.ot-sdk-cookie-policy td a{font-size:inherit}#ot-sdk-cookie-policy-v2.ot-sdk-cookie-policy .ot-sdk-cookie-policy-group{font-size:1em;margin-bottom:.6em}#ot-sdk-cookie-policy-v2.ot-sdk-cookie-policy .ot-sdk-cookie-policy-title{margin-bottom:1.2em}#ot-sdk-cookie-policy-v2.ot-sdk-cookie-policy>section{margin-bottom:1em}#ot-sdk-cookie-policy-v2.ot-sdk-cookie-policy th{min-width:75px}#ot-sdk-cookie-policy-v2.ot-sdk-cookie-policy a,#ot-sdk-cookie-policy-v2.ot-sdk-cookie-policy a:hover{background:#fff}#ot-sdk-cookie-policy-v2.ot-sdk-cookie-policy thead{background-color:#f6f6f4;font-weight:bold}#ot-sdk-cookie-policy-v2.ot-sdk-cookie-policy .ot-mobile-border{display:none}#ot-sdk-cookie-policy-v2.ot-sdk-cookie-policy section{margin-bottom:2em}#ot-sdk-cookie-policy-v2.ot-sdk-cookie-policy .ot-sdk-subgroup ul li{list-style:disc;margin-left:1.5em}#ot-sdk-cookie-policy-v2.ot-sdk-cookie-policy .ot-sdk-subgroup ul li h4{display:inline-block}#ot-sdk-cookie-policy-v2.ot-sdk-cookie-policy table{border-collapse:inherit;margin:auto;border:1px solid #d7d7d7;border-radius:5px;border-spacing:initial;width:100%;overflow:hidden}#ot-sdk-cookie-policy-v2.ot-sdk-cookie-policy table th,#ot-sdk-cookie-policy-v2.ot-sdk-cookie-policy table td{border-bottom:1px solid #d7d7d7;border-right:1px solid #d7d7d7}#ot-sdk-cookie-policy-v2.ot-sdk-cookie-policy table tr:last-child td{border-bottom:0px}#ot-sdk-cookie-policy-v2.ot-sdk-cookie-policy table tr th:last-child,#ot-sdk-cookie-policy-v2.ot-sdk-cookie-policy table tr td:last-child{border-right:0px}#ot-sdk-cookie-policy-v2.ot-sdk-cookie-policy table .ot-host,#ot-sdk-cookie-policy-v2.ot-sdk-cookie-policy table .ot-cookies-type{width:25%}.ot-sdk-cookie-policy[dir=rtl]{text-align:left}#ot-sdk-cookie-policy h3{font-size:1.5em}@media only screen and (max-width: 530px){.ot-sdk-cookie-policy:not(#ot-sdk-cookie-policy-v2) table,.ot-sdk-cookie-policy:not(#ot-sdk-cookie-policy-v2) thead,.ot-sdk-cookie-policy:not(#ot-sdk-cookie-policy-v2) tbody,.ot-sdk-cookie-policy:not(#ot-sdk-cookie-policy-v2) th,.ot-sdk-cookie-policy:not(#ot-sdk-cookie-policy-v2) td,.ot-sdk-cookie-policy:not(#ot-sdk-cookie-policy-v2) tr{display:block}.ot-sdk-cookie-policy:not(#ot-sdk-cookie-policy-v2) thead tr{position:absolute;top:-9999px;left:-9999px}.ot-sdk-cookie-policy:not(#ot-sdk-cookie-policy-v2) tr{margin:0 0 1em 0}.ot-sdk-cookie-policy:not(#ot-sdk-cookie-policy-v2) tr:nth-child(odd),.ot-sdk-cookie-policy:not(#ot-sdk-cookie-policy-v2) tr:nth-child(odd) a{background:#f6f6f4}.ot-sdk-cookie-policy:not(#ot-sdk-cookie-policy-v2) td{border:none;border-bottom:1px solid #eee;position:relative;padding-left:50%}.ot-sdk-cookie-policy:not(#ot-sdk-cookie-policy-v2) td:before{position:absolute;height:100%;left:6px;width:40%;padding-right:10px}.ot-sdk-cookie-policy:not(#ot-sdk-cookie-policy-v2) .ot-mobile-border{display:inline-block;background-color:#e4e4e4;position:absolute;height:100%;top:0;left:45%;width:2px}.ot-sdk-cookie-policy:not(#ot-sdk-cookie-policy-v2) td:before{content:attr(data-label);font-weight:bold}.ot-sdk-cookie-policy:not(#ot-sdk-cookie-policy-v2) li{word-break:break-word;word-wrap:break-word}#ot-sdk-cookie-policy-v2.ot-sdk-cookie-policy table{overflow:hidden}#ot-sdk-cookie-policy-v2.ot-sdk-cookie-policy table td{border:none;border-bottom:1px solid #d7d7d7}#ot-sdk-cookie-policy-v2.ot-sdk-cookie-policy table,#ot-sdk-cookie-policy-v2.ot-sdk-cookie-policy thead,#ot-sdk-cookie-policy-v2.ot-sdk-cookie-policy tbody,#ot-sdk-cookie-policy-v2.ot-sdk-cookie-policy th,#ot-sdk-cookie-policy-v2.ot-sdk-cookie-policy td,#ot-sdk-cookie-policy-v2.ot-sdk-cookie-policy tr{display:block}#ot-sdk-cookie-policy-v2.ot-sdk-cookie-policy table .ot-host,#ot-sdk-cookie-policy-v2.ot-sdk-cookie-policy table .ot-cookies-type{width:auto}#ot-sdk-cookie-policy-v2.ot-sdk-cookie-policy tr{margin:0 0 1em 0}#ot-sdk-cookie-policy-v2.ot-sdk-cookie-policy td:before{height:100%;width:40%;padding-right:10px}#ot-sdk-cookie-policy-v2.ot-sdk-cookie-policy td:before{content:attr(data-label);font-weight:bold}#ot-sdk-cookie-policy-v2.ot-sdk-cookie-policy li{word-break:break-word;word-wrap:break-word}#ot-sdk-cookie-policy-v2.ot-sdk-cookie-policy thead tr{position:absolute;top:-9999px;left:-9999px;z-index:-9999}#ot-sdk-cookie-policy-v2.ot-sdk-cookie-policy table tr:last-child td{border-bottom:1px solid #d7d7d7;border-right:0px}#ot-sdk-cookie-policy-v2.ot-sdk-cookie-policy table tr:last-child td:last-child{border-bottom:0px}}

                    #ot-sdk-cookie-policy-v2.ot-sdk-cookie-policy h5,
                    #ot-sdk-cookie-policy-v2.ot-sdk-cookie-policy h6,
                    #ot-sdk-cookie-policy-v2.ot-sdk-cookie-policy li,
                    #ot-sdk-cookie-policy-v2.ot-sdk-cookie-policy p,
                    #ot-sdk-cookie-policy-v2.ot-sdk-cookie-policy a,
                    #ot-sdk-cookie-policy-v2.ot-sdk-cookie-policy span,
                    #ot-sdk-cookie-policy-v2.ot-sdk-cookie-policy td,
                    #ot-sdk-cookie-policy-v2.ot-sdk-cookie-policy #cookie-policy-description {
                        color: #696969;
                    }
                    #ot-sdk-cookie-policy-v2.ot-sdk-cookie-policy th {
                        color: #696969;
                    }
                    #ot-sdk-cookie-policy-v2.ot-sdk-cookie-policy .ot-sdk-cookie-policy-group {
                        color: #696969;
                    }

                    #ot-sdk-cookie-policy-v2.ot-sdk-cookie-policy #cookie-policy-title {
                            color: #696969;
                        }


                    #ot-sdk-cookie-policy-v2.ot-sdk-cookie-policy table th {
                            background-color: #F8F8F8;
                        }

            .ot-floating-button__front{background-image:url('https://optanon.blob.core.windows.net/logos/static/ot_persistent_cookie.png')}</style><script charset="utf-8" src="/browse_app_assets/js/bundle.1.5e558f719624e38da8a3.js"></script><link rel="stylesheet" type="text/css" href="/browse_app_assets/css/styles.2.cb89a343b0ad4f769f90.css"><script charset="utf-8" src="/browse_app_assets/js/bundle.2.cb89a343b0ad4f769f90.js"></script><link rel="stylesheet" type="text/css" href="/browse_app_assets/css/styles.5.2cf6244fac46865e4284.css"><script charset="utf-8" src="/browse_app_assets/js/bundle.5.2cf6244fac46865e4284.js"></script><script charset="utf-8" src="/browse_app_assets/js/bundle.search.e666dcec2f783a7f73f3.js"></script><script charset="utf-8" src="/browse_app_assets/js/bundle.12.e751b38a34588fa33f67.js"></script><link rel="stylesheet" type="text/css" href="/browse_app_assets/css/styles.tempo-search-listing.e4a4444ef640a688ba9b.css"><script charset="utf-8" src="/browse_app_assets/js/bundle.tempo-search-listing.e4a4444ef640a688ba9b.js"></script><link rel="stylesheet" type="text/css" href="/browse_app_assets/css/styles.cms-tempo-banner.21ab910985557b42960d.css" data-di-rand="1700859343480"><link rel="stylesheet" type="text/css" href="/browse_app_assets/css/styles.9.281f0df1d25568765b48.css" data-di-rand="1700859343482"><script charset="utf-8" src="/browse_app_assets/js/bundle.9.281f0df1d25568765b48.js"></script><script charset="utf-8" src="/browse_app_assets/js/bundle.10.3276f8af69d8db524dd0.js"></script><link rel="stylesheet" type="text/css" href="/browse_app_assets/css/styles.17.687c939ef5155cf545d6.css" data-di-rand="1700859343484"><script charset="utf-8" src="/browse_app_assets/js/bundle.17.687c939ef5155cf545d6.js"></script><link rel="stylesheet" type="text/css" href="/browse_app_assets/css/styles.tempo-product-listing.2c5c2e76a657f6cce65a.css" data-di-rand="1700859343540"><script charset="utf-8" src="/browse_app_assets/js/bundle.tempo-product-listing.2c5c2e76a657f6cce65a.js"></script><script charset="utf-8" src="/browse_app_assets/js/bundle.tempo-product-listing-p13n.997d38985c7cbbb9e851.js"></script><link rel="stylesheet" type="text/css" href="/browse_app_assets/css/styles.tempo-hook-logic.60270669de2fed3deb65.css" data-di-rand="1700859343542"><script charset="utf-8" src="/browse_app_assets/js/bundle.tempo-hook-logic.60270669de2fed3deb65.js"></script><link rel="stylesheet" type="text/css" href="/browse_app_assets/css/styles.tempo-iab-banner.84e2a12104de49d5c319.css" data-di-rand="1700859343545"><script charset="utf-8" src="/browse_app_assets/js/bundle.tempo-iab-banner.84e2a12104de49d5c319.js"></script><link rel="stylesheet" type="text/css" href="/browse_app_assets/css/styles.refined-related-terms.2965d4bf3435e99261b5.css" data-di-rand="1700859343549"><script charset="utf-8" src="/browse_app_assets/js/bundle.refined-related-terms.2965d4bf3435e99261b5.js"></script><link rel="stylesheet" type="text/css" href="/browse_app_assets/css/styles.products-content.1d444248486269a079cb.css" data-di-rand="1700859343551"><script charset="utf-8" src="/browse_app_assets/js/bundle.products-content.1d444248486269a079cb.js"></script><title>Search Results for Meat-poultry-fish - ASDA Groceries</title><script type="text/javascript" async="" src="https://googleads.g.doubleclick.net/pagead/viewthroughconversion/1001599784/?random=1700859343396&amp;cv=11&amp;fst=1700859343396&amp;bg=ffffff&amp;guid=ON&amp;async=1&amp;gtm=45He3b81v810958770&amp;gcd=11l1l1l1l1&amp;dma=0&amp;tcfd=10000&amp;u_w=1436&amp;u_h=808&amp;url=https%3A%2F%2Fgroceries.asda.com%2Fsearch%2Fmeat-poultry-fish%2Fproducts%3Fpage%3D1&amp;hn=www.googleadservices.com&amp;frm=0&amp;tiba=Search%20Results%20for%20Meat-poultry-fish%20-%20ASDA%20Groceries&amp;auid=1054077754.1699977041&amp;fledge=1&amp;uaa=x86&amp;uab=64&amp;uafvl=Google%2520Chrome%3B119.0.6045.160%7CChromium%3B119.0.6045.160%7CNot%253FA_Brand%3B24.0.0.0&amp;uamb=0&amp;uap=Windows&amp;uapv=10.0.0&amp;uaw=0&amp;rfmt=3&amp;fmt=4"></script><script src="https://bat.bing.com/p/action/5711106.js" type="text/javascript" async="" data-ueto="ueto_4f9ae7a8bf"></script><meta http-equiv="origin-trial" content="As0hBNJ8h++fNYlkq8cTye2qDLyom8NddByiVytXGGD0YVE+2CEuTCpqXMDxdhOMILKoaiaYifwEvCRlJ/9GcQ8AAAB8eyJvcmlnaW4iOiJodHRwczovL2RvdWJsZWNsaWNrLm5ldDo0NDMiLCJmZWF0dXJlIjoiV2ViVmlld1hSZXF1ZXN0ZWRXaXRoRGVwcmVjYXRpb24iLCJleHBpcnkiOjE3MTk1MzI3OTksImlzU3ViZG9tYWluIjp0cnVlfQ=="><meta http-equiv="origin-trial" content="AgRYsXo24ypxC89CJanC+JgEmraCCBebKl8ZmG7Tj5oJNx0cmH0NtNRZs3NB5ubhpbX/bIt7l2zJOSyO64NGmwMAAACCeyJvcmlnaW4iOiJodHRwczovL2dvb2dsZXN5bmRpY2F0aW9uLmNvbTo0NDMiLCJmZWF0dXJlIjoiV2ViVmlld1hSZXF1ZXN0ZWRXaXRoRGVwcmVjYXRpb24iLCJleHBpcnkiOjE3MTk1MzI3OTksImlzU3ViZG9tYWluIjp0cnVlfQ=="><meta http-equiv="origin-trial" content="A/ERL66fN363FkXxgDc6F1+ucRUkAhjEca9W3la6xaLnD2Y1lABsqmdaJmPNaUKPKVBRpyMKEhXYl7rSvrQw+AkAAACNeyJvcmlnaW4iOiJodHRwczovL2RvdWJsZWNsaWNrLm5ldDo0NDMiLCJmZWF0dXJlIjoiRmxlZGdlQmlkZGluZ0FuZEF1Y3Rpb25TZXJ2ZXIiLCJleHBpcnkiOjE3MTkzNTk5OTksImlzU3ViZG9tYWluIjp0cnVlLCJpc1RoaXJkUGFydHkiOnRydWV9"><meta http-equiv="origin-trial" content="A6OdGH3fVf4eKRDbXb4thXA4InNqDJDRhZ8U533U/roYjp4Yau0T3YSuc63vmAs/8ga1cD0E3A7LEq6AXk1uXgsAAACTeyJvcmlnaW4iOiJodHRwczovL2dvb2dsZXN5bmRpY2F0aW9uLmNvbTo0NDMiLCJmZWF0dXJlIjoiRmxlZGdlQmlkZGluZ0FuZEF1Y3Rpb25TZXJ2ZXIiLCJleHBpcnkiOjE3MTkzNTk5OTksImlzU3ViZG9tYWluIjp0cnVlLCJpc1RoaXJkUGFydHkiOnRydWV9"><script src="https://securepubads.g.doubleclick.net/pagead/managed/js/gpt/m202311090101/pubads_impl.js?cb=31079657" async=""></script><script charset="utf-8" src="https://analytics.tiktok.com/i18n/pixel/static/identify_bb163.js"></script><meta http-equiv="origin-trial" content="AwnOWg2dzaxHPelVjqOT/Y02cSxnG2FkjXO7DlX9VZF0eyD0In8IIJ9fbDFZGXvxNvn6HaF51qFHycDGLOkj1AUAAACAeyJvcmlnaW4iOiJodHRwczovL2NyaXRlby5jb206NDQzIiwiZmVhdHVyZSI6IlByaXZhY3lTYW5kYm94QWRzQVBJcyIsImV4cGlyeSI6MTY5NTE2Nzk5OSwiaXNTdWJkb21haW4iOnRydWUsImlzVGhpcmRQYXJ0eSI6dHJ1ZX0="><script type="text/javascript" async="" src="https://googleads.g.doubleclick.net/pagead/viewthroughconversion/1001599784/?random=1700859380495&amp;cv=11&amp;fst=1700859380495&amp;bg=ffffff&amp;guid=ON&amp;async=1&amp;gtm=45He3b81v810958770&amp;gcd=11n1n1l1l5&amp;dma=0&amp;tcfd=10000&amp;u_w=1436&amp;u_h=808&amp;url=https%3A%2F%2Fgroceries.asda.com%2Fsearch%2Fmeat-poultry-fish%2Fproducts%3Fpage%3D2&amp;hn=www.googleadservices.com&amp;frm=0&amp;tiba=Search%20Results%20for%20Meat-poultry-fish%20-%20ASDA%20Groceries&amp;auid=1054077754.1699977041&amp;fledge=1&amp;uaa=x86&amp;uab=64&amp;uafvl=Google%2520Chrome%3B119.0.6045.160%7CChromium%3B119.0.6045.160%7CNot%253FA_Brand%3B24.0.0.0&amp;uamb=0&amp;uap=Windows&amp;uapv=10.0.0&amp;uaw=0&amp;rfmt=3&amp;fmt=4"></script><link rel="stylesheet" type="text/css" href="/browse_app_assets/css/styles.tempo-product-details.d6a0bd27dbb09a57a936.css" data-di-rand="1700859402684"><script charset="utf-8" src="/browse_app_assets/js/bundle.tempo-product-details.d6a0bd27dbb09a57a936.js"></script><script charset="utf-8" src="/browse_app_assets/js/bundle.pdp-personalized-recs.12b9057a016e0946f08f.js"></script><link rel="stylesheet" type="text/css" href="/browse_app_assets/css/styles.7.cfed30ef498d46207db3.css" data-di-rand="1700859403231"><script charset="utf-8" src="/browse_app_assets/js/bundle.7.cfed30ef498d46207db3.js"></script><link rel="stylesheet" type="text/css" href="/browse_app_assets/css/styles.pdp-main-details.228c7ec1ee5a7f01277e.css" data-di-rand="1700859403234"><script charset="utf-8" src="/browse_app_assets/js/bundle.pdp-main-details.228c7ec1ee5a7f01277e.js"></script><link rel="stylesheet" type="text/css" href="/browse_app_assets/css/styles.description-reviews.909b0b7776cf9778f367.css" data-di-rand="1700859403236"><script charset="utf-8" src="/browse_app_assets/js/bundle.description-reviews.909b0b7776cf9778f367.js"></script><script charset="utf-8" src="/browse_app_assets/js/bundle.pdp-bb-connect.0de83d54d4bf2c85dd62.js"></script><script charset="utf-8" src="/browse_app_assets/js/bundle.159.8fad2ba0d4d85766c39e.js"></script><script type="text/javascript" async="" src="https://googleads.g.doubleclick.net/pagead/viewthroughconversion/1001599784/?random=1700859405347&amp;cv=11&amp;fst=1700859405347&amp;bg=ffffff&amp;guid=ON&amp;async=1&amp;gtm=45He3b81v810958770&amp;gcd=11n1n1l1l5&amp;dma=0&amp;tcfd=10000&amp;u_w=1436&amp;u_h=808&amp;url=https%3A%2F%2Fgroceries.asda.com%2Fproduct%2Fpork-chops-steaks%2Fasda-extra-special-yorkshire-bred-pepper-thyme-pork-loin-medallions-400-g%2F1000196707135&amp;hn=www.googleadservices.com&amp;frm=0&amp;tiba=ASDA%20Extra%20Special%20Yorkshire%20Bred%20Pepper%20%26%20Thyme%20Pork%20Loin%20Medallions%20400g%20-%20ASDA%20Groceries&amp;auid=1054077754.1699977041&amp;fledge=1&amp;uaa=x86&amp;uab=64&amp;uafvl=Google%2520Chrome%3B119.0.6045.160%7CChromium%3B119.0.6045.160%7CNot%253FA_Brand%3B24.0.0.0&amp;uamb=0&amp;uap=Windows&amp;uapv=10.0.0&amp;uaw=0&amp;rfmt=3&amp;fmt=4"></script><script type="text/javascript" async="" src="https://googleads.g.doubleclick.net/pagead/viewthroughconversion/1001599784/?random=1700859405365&amp;cv=11&amp;fst=1700859405365&amp;bg=ffffff&amp;guid=ON&amp;async=1&amp;gtm=45He3b81v810958770&amp;gcd=11n1n1l1l5&amp;dma=0&amp;tcfd=10000&amp;u_w=1436&amp;u_h=808&amp;url=https%3A%2F%2Fgroceries.asda.com%2Fproduct%2Fpork-chops-steaks%2Fasda-extra-special-yorkshire-bred-pepper-thyme-pork-loin-medallions-400-g%2F1000196707135&amp;hn=www.googleadservices.com&amp;frm=0&amp;tiba=ASDA%20Extra%20Special%20Yorkshire%20Bred%20Pepper%20%26%20Thyme%20Pork%20Loin%20Medallions%20400g%20-%20ASDA%20Groceries&amp;auid=1054077754.1699977041&amp;fledge=1&amp;uaa=x86&amp;uab=64&amp;uafvl=Google%2520Chrome%3B119.0.6045.160%7CChromium%3B119.0.6045.160%7CNot%253FA_Brand%3B24.0.0.0&amp;uamb=0&amp;uap=Windows&amp;uapv=10.0.0&amp;uaw=0&amp;data=view_item%3D%2Fproduct%2Fpork-chops-steaks%2Fasda-extra-special-yorkshire-bred-pepper-thyme-pork-loin-medallions-400-g%2F1000196707135&amp;rfmt=3&amp;fmt=4"></script><script type="text/javascript" src="https://login.dotomi.com/profile/visit/consent/js?dtm_cid=83010&amp;dtm_fid=5773&amp;dtmc_department=Meat%252C%2BPoultry%2B%2526%2BFish&amp;dtm_user_id=NotLogged&amp;dtmc_product_id=6638107&amp;dtm_promo_id=5&amp;dtmc_sub_category=Pork&amp;dtmc_category=Meat%2B%2526%2BPoultry&amp;dtm_cmagic=3d5cbc&amp;cachebuster=273598683&amp;dtmc_loc=https%253A%252F%252Fgroceries.asda.com%252Fproduct%252Fpork-chops-steaks%252Fasda-extra-special-yorkshire-bred-pepper-thyme-pork-loin-medallions-400-g%252F1000196707135&amp;dtm_form_uid=639707323454625785&amp;dtmck_DotomiSync=0%2419678%2419685%2441026-0%2325987-0%2357734-0%2359723-0%2317100-0%2374572-0%2367215-0%231103-0%2326832-0%2375347-0%235010-0%2346227-0%2379190-0%2315900-0%2319998-0%2341440-0%2382592-0%2316164-0%2370948-0%2341703-0%2367750-0%2394316-0%2312783-0%2314000-0%2330129-0%2342290-0%2314200-0%2344410-0%231982-0%23&amp;dtmck_DotomiUser=707407304800736727%240%241763152853%24%241&amp;dtmc_cmpcapture=consentDisco_localStorage&amp;gdpr_consent=CP1Q-KNP1Q-KNAcABBENDgCsAP_AAAAAAChQIltB7D5cBWFDcHp-IvsUIQUWwFB1KeAgDAQBB6ABSBEEILwEEAA6IEAAAqACCR4AIAIAAAEAGAAAAAEAQAAAAAGIAAgAJABAIAIAAAAAAAAIAAAABIAAEAAAAAASACAAgAAEABYAGECAEAACIEAAIAgFAIABBQAAAAAAQAoIAAAKAAgAAAABD____4AAAEQkBwABYAFQAOQAeACAAGQANAAeABEACYAE8AKoAfgBCACOAEsAJoAUoAtwB8AD9AJSAh0BeYDJwGfAOCAheBD8IAJAAeAOcAg4DFgGTAP3AhUBDwCHwaAKAQUAtACHQGMAM-DAAgDqAQ-EQAgEOgM-EAAQIfCgAIBBRUAQAtACQQGfAQvGQAgGfAQvHQKAAFgAVAA5AB8AIAAZAA0AB4AEQAJgATwAqgBcADEAGYAPwAlgBMACaAFGAKUAW4A0QB-gEWAJSAWIAtAB1AEOgJBAXmAxgBk4DLAGZgM-AaqA4sCF4EOhwBIAB4AFwAcgBoAHOAO4AgsBBwEIAKWAeQBTADFgGTANNAfuBCoCHgEPiEBAABYATAAqgBcADEAI4AlIBaADqAJBAZOAz4BqoDgAIXgQ6IABQA0ADnAIKAUsAsRKAqAAsADgAHwAeABEACYAFUALgAYgBHACjAFuAWgA6gCHQF5gMnAZ8A4ACF4ENSQAcAC4AOQB3AFLAYsA_cCHxSBAAAsACoAHIAPgBAADIAGgAPAAiABMACeAFUAMQAZgA_ACjAFKALcAaIA_QCLAEpAQ6AvMBjADJwGWAM-AcEBC8CGYEOgIgFACQAFwAcgBtAEcAOcAdwBJwClgFiALqAeQA_4CmAGLAMmAfuBCoCHw.f_gAAAAAAAAA&amp;gdpr=1"></script><script src="https://login-ds.dotomi.com/profile/visit/final/js?dtmc_category=Meat%2B%2526%2BPoultry&amp;dtmck_DotomiUser=707407304800736727%240%241763152853%24%241&amp;dtm_user_agent=Mozilla%2F5.0%20(Windows%20NT%2010.0%3B%20Win64%3B%20x64)%20AppleWebKit%2F537.36%20(KHTML%2C%20like%20Gecko)%20Chrome%2F119.0.0.0%20Safari%2F537.36&amp;dtm_country_code=GB&amp;dtm_form_uid=639707323454625785&amp;dtm_user_id=NotLogged&amp;dtmc_sub_category=Pork&amp;cachebuster=273598683&amp;tcflag=true&amp;dtmc_cmpcapture=consentDisco_localStorage&amp;dtm_use_flash_cookies=false&amp;dtm_id_assgn_type=3&amp;dtmc_product_id=6638107&amp;fp_assignment_type=1&amp;dtmc_loc=https%3A%2F%2Fgroceries.asda.com%2Fproduct%2Fpork-chops-steaks%2Fasda-extra-special-yorkshire-bred-pepper-thyme-pork-loin-medallions-400-g%2F1000196707135&amp;dtm_cmagic=3d5cbc&amp;dtm_dma_code=826039&amp;init_wl_code=1&amp;dtm_cookies_enabled=true&amp;gdpr_consent=CP1Q-KNP1Q-KNAcABBENDgCsAP_AAAAAAChQIltB7D5cBWFDcHp-IvsUIQUWwFB1KeAgDAQBB6ABSBEEILwEEAA6IEAAAqACCR4AIAIAAAEAGAAAAAEAQAAAAAGIAAgAJABAIAIAAAAAAAAIAAAABIAAEAAAAAASACAAgAAEABYAGECAEAACIEAAIAgFAIABBQAAAAAAQAoIAAAKAAgAAAABD____4AAAEQkBwABYAFQAOQAeACAAGQANAAeABEACYAE8AKoAfgBCACOAEsAJoAUoAtwB8AD9AJSAh0BeYDJwGfAOCAheBD8IAJAAeAOcAg4DFgGTAP3AhUBDwCHwaAKAQUAtACHQGMAM-DAAgDqAQ-EQAgEOgM-EAAQIfCgAIBBRUAQAtACQQGfAQvGQAgGfAQvHQKAAFgAVAA5AB8AIAAZAA0AB4AEQAJgATwAqgBcADEAGYAPwAlgBMACaAFGAKUAW4A0QB-gEWAJSAWIAtAB1AEOgJBAXmAxgBk4DLAGZgM-AaqA4sCF4EOhwBIAB4AFwAcgBoAHOAO4AgsBBwEIAKWAeQBTADFgGTANNAfuBCoCHgEPiEBAABYATAAqgBcADEAI4AlIBaADqAJBAZOAz4BqoDgAIXgQ6IABQA0ADnAIKAUsAsRKAqAAsADgAHwAeABEACYAFUALgAYgBHACjAFuAWgA6gCHQF5gMnAZ8A4ACF4ENSQAcAC4AOQB3AFLAYsA_cCHxSBAAAsACoAHIAPgBAADIAGgAPAAiABMACeAFUAMQAZgA_ACjAFKALcAaIA_QCLAEpAQ6AvMBjADJwGWAM-AcEBC8CGYEOgIgFACQAFwAcgBtAEcAOcAdwBJwClgFiALqAeQA_4CmAGLAMmAfuBCoCHw.f_gAAAAAAAAA&amp;dtm_token=AQEIAVHrHke2_wEAzEcIAQBFQwE&amp;dtm_state=BRD&amp;gdpr=1&amp;dtmc_department=Meat%252C%2BPoultry%2B%2526%2BFish&amp;dtm_zip_code=BD9%206NL&amp;dtm_fid=5773&amp;wl_domains_key=*&amp;dtm_user_dc=ams&amp;dtmck_DotomiSync=0%2419678%2419685%2441026-0%2325987-0%2357734-0%2359723-0%2317100-0%2374572-0%2367215-0%231103-0%2326832-0%2375347-0%235010-0%2346227-0%2379190-0%2315900-0%2319998-0%2341440-0%2382592-0%2316164-0%2370948-0%2341703-0%2367750-0%2394316-0%2312783-0%2314000-0%2330129-0%2342290-0%2314200-0%2344410-0%231982-0%23&amp;dtm_promo_id=5&amp;dtm_consent=true&amp;dtm_cid=83010&amp;data_object_type_code=0&amp;canonical_url=https%3A%2F%2Fgroceries.asda.com%2Fproduct%2Fpork-chops-steaks%2Fasda-extra-special-yorkshire-bred-pepper-thyme-pork-loin-medallions-400-g%2F1000196707135&amp;dtmc_ref=&amp;dtm_tcdata=CP1Q-KNP1Q-KNAcABBENDgCsAP_AAAAAAChQIltB7D5cBWFDcHp-IvsUIQUWwFB1KeAgDAQBB6ABSBEEILwEEAA6IEAAAqACCR4AIAIAAAEAGAAAAAEAQAAAAAGIAAgAJABAIAIAAAAAAAAIAAAABIAAEAAAAAASACAAgAAEABYAGECAEAACIEAAIAgFAIABBQAAAAAAQAoIAAAKAAgAAAABD____4AAAEQkBwABYAFQAOQAeACAAGQANAAeABEACYAE8AKoAfgBCACOAEsAJoAUoAtwB8AD9AJSAh0BeYDJwGfAOCAheBD8IAJAAeAOcAg4DFgGTAP3AhUBDwCHwaAKAQUAtACHQGMAM-DAAgDqAQ-EQAgEOgM-EAAQIfCgAIBBRUAQAtACQQGfAQvGQAgGfAQvHQKAAFgAVAA5AB8AIAAZAA0AB4AEQAJgATwAqgBcADEAGYAPwAlgBMACaAFGAKUAW4A0QB-gEWAJSAWIAtAB1AEOgJBAXmAxgBk4DLAGZgM-AaqA4sCF4EOhwBIAB4AFwAcgBoAHOAO4AgsBBwEIAKWAeQBTADFgGTANNAfuBCoCHgEPiEBAABYATAAqgBcADEAI4AlIBaADqAJBAZOAz4BqoDgAIXgQ6IABQA0ADnAIKAUsAsRKAqAAsADgAHwAeABEACYAFUALgAYgBHACjAFuAWgA6gCHQF5gMnAZ8A4ACF4ENSQAcAC4AOQB3AFLAYsA_cCHxSBAAAsACoAHIAPgBAADIAGgAPAAiABMACeAFUAMQAZgA_ACjAFKALcAaIA_QCLAEpAQ6AvMBjADJwGWAM-AcEBC8CGYEOgIgFACQAFwAcgBtAEcAOcAdwBJwClgFiALqAeQA_4CmAGLAMmAfuBCoCHw.f_gAAAAAAAAA&amp;cli_promo_id=5&amp;dtm_items=%2522%2522&amp;dtmc_coupons=%2522%2522&amp;dtmc_bypass_channel=%2522%2522"></script><link rel="canonical" href="https://groceries.asda.com/search/meat-poultry-fish/products" data-react-helmet="true"><meta name="description" content="Shop for Meat-poultry-fish online at ASDA Groceries. The same great prices as in store, delivered to your door or click and collect from store." data-react-helmet="true"><meta name="robots" content="index, follow" data-react-helmet="true"><meta name="author" content="ASDA" data-react-helmet="true"><meta name="publisher" content="ASDA" data-react-helmet="true"><meta name="og_title" property="og:title" content="Search Results for Meat-poultry-fish - ASDA Groceries" data-react-helmet="true"><meta name="og_description" property="og:description" content="Shop for Meat-poultry-fish online at ASDA Groceries. The same great prices as in store, delivered to your door or click and collect from store." data-react-helmet="true"><meta name="og_url" property="og:url" content="https://groceries.asda.com/search/meat-poultry-fish/products" data-react-helmet="true"><meta property="og:type" content="website" data-react-helmet="true"></head><body onload="changeBackground()" data-new-gr-c-s-check-loaded="14.1141.0" data-gr-ext-installed="">
<script class="__ss_csf_data" type="text/javascript" data-sitespect="true">!function(){var s={"metrics":[],"timestamps":{"7509493":"1700557712","7672222":"1696507803","7509495":"1700557717","7576191":"1696507800","7868836":"1699526311","7868837":"1699526311","7868845":"1699526314","7908117":"1700221348","7868839":"1699526312","7868846":"1699526314","7669709":"1696326640","7868840":"1699526312","7673614":"1696507803","7868838":"1699526311","7868835":"1699526310","7672219":"1696507803","7868844":"1699526313","7868848":"1700557717","7868841":"1699526312","7576195":"1696507802","7868843":"1699526313","7868842":"1699526313","7353782":"1692868608","7669707":"1696326639","7576194":"1696507802","7868834":"1699526310"},"variations":[{"trigger_counted":1,"campaign_id":"77382","counted":0,"criteria":[],"custom":function() {return window.__sscf && window.__sscf.cf_7509493 && window.__sscf.cf_7509493.apply(this)},"csf_apply_once":0,"id":"7509493","selector":"[class=\"seafood-find-cut-tabs\"]"},{"trigger_counted":1,"campaign_id":"77382","counted":0,"custom":function() {return window.__sscf && window.__sscf.cf_7509495 && window.__sscf.cf_7509495.apply(this)},"criteria":[],"csf_apply_once":0,"id":"7509495","selector":"[class=\"seafood-find\"]"},{"campaign_id":"77698","trigger_counted":1,"counted":1,"criteria":[{"path_criterion":"/aisle/(?#contains)","ID":"6766541","Pre":null,"GroupNumber":"1","Type":"Path","PageCategory_ID":null,"Next":1},{"GroupNumber":"1","Type":"Path","Next":null,"PageCategory_ID":null,"path_criterion":"/dept/christmas/fresh-turkey-pre-order/1215684243334-1215685171177(?#contains)","ID":"6767468","Pre":0}],"custom":function() {return window.__sscf && window.__sscf.cf_7576191 && window.__sscf.cf_7576191.apply(this)},"csf_apply_once":0,"id":"7576191","selector":".co-item .add-button, .co-item .increment-button, .co-item .decrement-button, .co-item .update-quantity-button__wrapper"},{"criteria":[{"PageCategory_ID":null,"Next":1,"Type":"Path","GroupNumber":"1","ID":"6766542","Pre":null,"path_criterion":"/product/(?#contains)"},{"PageCategory_ID":null,"Next":null,"Type":"Custom","GroupNumber":"2","Pre":0,"ID":"6766543","script_criterion":function() {return window.__sscf && window.__sscf.cf_7576194_6766543 && window.__sscf.cf_7576194_6766543.apply(this)}}],"custom":function() {return window.__sscf && window.__sscf.cf_7576194 && window.__sscf.cf_7576194.apply(this)},"counted":1,"trigger_counted":1,"campaign_id":"77698","selector":"button.add-button, button.unit-selector__unit-button","id":"7576194","csf_apply_once":0},{"id":"7576195","counted":1,"selector":".co-item .update-quantity-button__wrapper .manual-input","criteria":[{"Type":"Path","GroupNumber":"1","Next":1,"PageCategory_ID":null,"path_criterion":"/aisle/(?#contains)","Pre":null,"ID":"6766544"},{"ID":"6767495","Pre":0,"path_criterion":"/dept/christmas/fresh-turkey-pre-order/1215684243334-1215685171177(?#contains)","Next":null,"PageCategory_ID":null,"GroupNumber":"1","Type":"Path"}],"campaign_id":"77698","csf_apply_once":0},{"campaign_id":"77974","trigger_counted":1,"custom":function() {return window.__sscf && window.__sscf.cf_7669707 && window.__sscf.cf_7669707.apply(this)},"criteria":[],"counted":1,"csf_apply_once":0,"selector":"ul.co-product-list__main-cntr","id":"7669707"},{"id":"7669709","selector":"[class=\"pdp-main-details__actions-cntr\"]","csf_apply_once":0,"counted":1,"criteria":[],"custom":function() {return window.__sscf && window.__sscf.cf_7669709 && window.__sscf.cf_7669709.apply(this)},"campaign_id":"77974","trigger_counted":1},{"campaign_id":"77698","trigger_counted":1,"criteria":[{"Type":"Path","GroupNumber":"1","Next":1,"PageCategory_ID":null,"path_criterion":"/product/(?#contains)","ID":"6766545","Pre":null},{"ID":"6766546","Pre":0,"script_criterion":function() {return window.__sscf && window.__sscf.cf_7672219_6766546 && window.__sscf.cf_7672219_6766546.apply(this)},"Type":"Custom","GroupNumber":"2","Next":null,"PageCategory_ID":null}],"counted":1,"css":{"border-color":"#d3af59"},"csf_apply_once":0,"selector":".pdp-main-details__actions-cntr .manual-input","id":"7672219"},{"trigger_counted":1,"campaign_id":"77698","css":{"color":"black","background":"#d3af59"},"counted":1,"criteria":[{"PageCategory_ID":null,"Next":1,"Type":"Path","GroupNumber":"1","Pre":null,"ID":"6766397","path_criterion":"/product/(?#contains)"},{"PageCategory_ID":null,"Next":null,"GroupNumber":"2","Type":"Custom","ID":"6766398","Pre":0,"script_criterion":function() {return window.__sscf && window.__sscf.cf_7672222_6766398 && window.__sscf.cf_7672222_6766398.apply(this)}}],"csf_apply_once":0,"id":"7672222","selector":".pdp-main-details__actions-cntr .add-button, .pdp-main-details__actions-cntr .increment-button, .pdp-main-details__actions-cntr .decrement-button, .pdp-main-details__actions-cntr .update-quantity-button__wrapper"},{"csf_apply_once":0,"campaign_id":"77698","trigger_counted":1,"selector":"img[alt=\"Fresh Turkey Pre Order 2023\"]","criteria":[{"PageCategory_ID":null,"Next":null,"GroupNumber":"1","Type":"Path","ID":"6775792","Pre":null,"path_criterion":"aisle/christmas/fresh-turkey-pre-order/fresh-turkey-pre-order/1215684243334-1215685171177-1215686011816(?#contains)"}],"id":"7673614","counted":1},{"selector":"#ss_placeholder_id","id":"7868848","csf_apply_once":0,"criteria":[],"counted":0,"attributes":{"data-sspvid":"9999999999999"},"campaign_id":"77382","trigger_counted":1},{"csf_apply_once":0,"campaign_id":"77382","counted":0,"id":"7868834","custom":function() {return window.__sscf && window.__sscf.cf_7868834 && window.__sscf.cf_7868834.apply(this)},"criteria":[],"selector":"BODY:not([ss-control]) [id=\"seafood-at-asda-one\"] > A:nth-child(1) > DIV:nth-child(1) > IMG:nth-child(1):not([data-ssmid]),BODY[ss-control] [id=\"seafood-at-asda-one\"] > A:nth-child(1) > DIV:nth-child(1) > IMG:nth-child(1)"},{"csf_apply_once":0,"campaign_id":"77382","id":"7868835","counted":0,"custom":function() {return window.__sscf && window.__sscf.cf_7868835 && window.__sscf.cf_7868835.apply(this)},"criteria":[],"selector":"BODY:not([ss-control]) [id=\"seafood-at-asda-two\"] > A:nth-child(1) > DIV:nth-child(1) > IMG:nth-child(1):not([data-ssmid]),BODY[ss-control] [id=\"seafood-at-asda-two\"] > A:nth-child(1) > DIV:nth-child(1) > IMG:nth-child(1)"},{"counted":0,"id":"7868836","custom":function() {return window.__sscf && window.__sscf.cf_7868836 && window.__sscf.cf_7868836.apply(this)},"selector":"BODY:not([ss-control]) [id=\"seafood-at-asda-three\"] > A:nth-child(1) > DIV:nth-child(1) > IMG:nth-child(1):not([data-ssmid]),BODY[ss-control] [id=\"seafood-at-asda-three\"] > A:nth-child(1) > DIV:nth-child(1) > IMG:nth-child(1)","criteria":[],"csf_apply_once":0,"campaign_id":"77382"},{"criteria":[],"custom":function() {return window.__sscf && window.__sscf.cf_7868837 && window.__sscf.cf_7868837.apply(this)},"selector":"BODY:not([ss-control]) [id=\"seafood-at-asda-four\"] > A:nth-child(1) > DIV:nth-child(1) > IMG:nth-child(1):not([data-ssmid]),BODY[ss-control] [id=\"seafood-at-asda-four\"] > A:nth-child(1) > DIV:nth-child(1) > IMG:nth-child(1)","id":"7868837","counted":0,"campaign_id":"77382","csf_apply_once":0},{"criteria":[],"custom":function() {return window.__sscf && window.__sscf.cf_7868838 && window.__sscf.cf_7868838.apply(this)},"selector":"BODY:not([ss-control]) [id=\"seafood-at-asda-five\"] > A:nth-child(1) > DIV:nth-child(1) > IMG:nth-child(1):not([data-ssmid]),BODY[ss-control] [id=\"seafood-at-asda-five\"] > A:nth-child(1) > DIV:nth-child(1) > IMG:nth-child(1)","counted":0,"id":"7868838","csf_apply_once":0,"campaign_id":"77382"},{"criteria":[],"custom":function() {return window.__sscf && window.__sscf.cf_7868839 && window.__sscf.cf_7868839.apply(this)},"selector":"BODY:not([ss-control]) A:nth-child(1) > DIV:nth-child(1) > IMG:nth-child(1):not([data-ssmid]),BODY[ss-control] [id=\"seafood-at-asda-six\"] > A:nth-child(1) > DIV:nth-child(1) > IMG:nth-child(1)","counted":0,"id":"7868839","csf_apply_once":0,"campaign_id":"77382"},{"criteria":[],"custom":function() {return window.__sscf && window.__sscf.cf_7868840 && window.__sscf.cf_7868840.apply(this)},"selector":"BODY:not([ss-control]) [id=\"seafood-easy-ways-to-cook\"] > A:nth-child(1):not([data-ssmid]),BODY[ss-control] [id=\"seafood-easy-ways-to-cook\"] > A:nth-child(1)","counted":0,"id":"7868840","csf_apply_once":0,"campaign_id":"77382"},{"counted":0,"id":"7868841","selector":"BODY:not([ss-control]) [id=\"seafood-easy-ways-to-cook\"] > A:nth-child(2):not([data-ssmid]),BODY[ss-control] [id=\"seafood-easy-ways-to-cook\"] > A:nth-child(2)","custom":function() {return window.__sscf && window.__sscf.cf_7868841 && window.__sscf.cf_7868841.apply(this)},"criteria":[],"csf_apply_once":0,"campaign_id":"77382"},{"counted":0,"id":"7868842","custom":function() {return window.__sscf && window.__sscf.cf_7868842 && window.__sscf.cf_7868842.apply(this)},"selector":"BODY:not([ss-control]) A:nth-child(3):not([data-ssmid]),BODY[ss-control] A:nth-child(3)","criteria":[],"campaign_id":"77382","csf_apply_once":0},{"criteria":[],"custom":function() {return window.__sscf && window.__sscf.cf_7868843 && window.__sscf.cf_7868843.apply(this)},"selector":"BODY:not([ss-control]) A:nth-child(4):not([data-ssmid]),BODY[ss-control] A:nth-child(4)","counted":0,"id":"7868843","campaign_id":"77382","csf_apply_once":0},{"csf_apply_once":0,"campaign_id":"77382","counted":0,"id":"7868844","custom":function() {return window.__sscf && window.__sscf.cf_7868844 && window.__sscf.cf_7868844.apply(this)},"selector":"BODY:not([ss-control]) A:nth-child(5):not([data-ssmid]),BODY[ss-control] A:nth-child(5)","criteria":[]},{"campaign_id":"77382","csf_apply_once":0,"counted":0,"id":"7868845","custom":function() {return window.__sscf && window.__sscf.cf_7868845 && window.__sscf.cf_7868845.apply(this)},"criteria":[],"selector":"BODY:not([ss-control]) A:nth-child(6):not([data-ssmid]),BODY[ss-control] A:nth-child(6)"},{"selector":"head","custom":function() {return window.__sscf && window.__sscf.cf_7868846 && window.__sscf.cf_7868846.apply(this)},"criteria":[],"id":"7868846","counted":0,"campaign_id":"77382","csf_apply_once":0},{"attributes":{},"campaign_id":"77382","criteria":[{"Pre":null,"ID":"6984508","path_criterion":"/event/asda-seafood","Next":null,"PageCategory_ID":null,"Type":"Path","GroupNumber":"1"}],"custom":function() {return window.__sscf && window.__sscf.cf_7908117 && window.__sscf.cf_7908117.apply(this)},"counted":0,"css":{},"csf_apply_once":0,"selector":"ul.seafood-find-cut-tabs-links a, div.seafood-find a","id":"7908117"},{"css":{},"custom":function() {return window.__sscf && window.__sscf.cf_7353782 && window.__sscf.cf_7353782.apply(this)},"criteria":[],"attributes":{},"campaign_id":"0","selector":"[data-module-name=\"P13N (Global Category)\"]","id":"7353782","csf_apply_once":0}]};if(window.SS&&SS.Require){SS.Require(function(){if(window.ss_dom_var){window.ss_dom_var.setVariations(s);if(window.ss_dom_var.setMetrics){window.ss_dom_var.setMetrics(s);}}else{window.__ss_variations=s;}});}else{if(window.ss_dom_var){window.ss_dom_var.setVariations(s);if(window.ss_dom_var.setMetrics){window.ss_dom_var.setMetrics(s);}}else{window.__ss_variations=s;}}if(s.control_sv_cv_rp_only){window.__ss_control=true;}}();</script><!--[if lte IE 10]>
  <p style="background: rgba(247,204,0,.1); margin: 0; padding: 16px;">
    You are using an <strong>outdated</strong> browser.
    Please upgrade your browser
    to improve your experience and security.
  </p>
  <![endif]--><noscript><iframe src="https://www.googletagmanager.com/ns.html?id=GTM-MDCJ74D" height="0" width="0" style="display: none;visibility: hidden"></iframe></noscript><div id="root"><div id="modal-root"></div><div class="layout" aria-hidden="false"><header data-auto-id="header" class="header header--search" data-show-over-backdrop="false" data-taxonomy-open="false" data-compact="false"><div class="header__wrapper" data-fixed="true" data-compact="true"><div class="header__container site-width enable-large-search"><a data-auto-id="" href="#main-content" class="asda-btn asda-btn--primary-outline header__skip-to-main" target="_self" data-di-id="di-id-ca58c675-82f3acca">Skip to Main Content</a><div class="header__content"><div class="header__hamburger-menu"><button class="menu-button" type="button" aria-label="navigation menu" aria-expanded="false"><span role="img" data-auto-id="" class="asda-icon asda-icon--charcoal asda-icon--regular asda-icon--rotate0"><svg viewBox="0 0 32 32" xmlns="http://www.w3.org/2000/svg" data-di-res-id="b4b1fcf6-41fa9970" data-di-rand="1700859425337"><path d="M22.5 23a.5.5 0 01.5.5v1a.5.5 0 01-.5.5h-16a.5.5 0 01-.5-.5v-1a.5.5 0 01.5-.5zm-6-8a.5.5 0 01.5.5v1a.5.5 0 01-.5.5h-10a.5.5 0 01-.5-.5v-1a.5.5 0 01.5-.5zm9-8a.5.5 0 01.5.5v1a.5.5 0 01-.5.5h-19a.5.5 0 01-.5-.5v-1a.5.5 0 01.5-.5z" fill="#3d3d3d" class="asda-icon__draw" fill-rule="evenodd"></path></svg></span></button></div><div class="header__logo"><button type="button" data-auto-id="linkHeaderLogo" class="asda-link asda-link--primary asda-link--button header__logo-link" aria-disabled="false" aria-label="asda groceries, home" data-di-id="di-id-546945ce-e8661b66"><div class="asda-logo " data-size="small" data-auto-id="asdaLogo"><span aria-label="asda groceries, home" role="img" data-auto-id="" class="asda-icon asda-icon--green-brand asda-icon--regular asda-icon--rotate0 asda-icon--brand asda-logo__icon"><svg xmlns="http://www.w3.org/2000/svg" viewBox="0 0 113 34" data-di-res-id="a6e49413-1a7fc731" data-di-rand="1700859424788"><path class="asda-icon__draw" fill-rule="evenodd" d="M101.698 2.012H90.337l-6.479 18.752c.29-1.557.341-2.802.341-3.343 0-7.856-4.501-15.409-15.076-15.409H56.978l.036 18.653c-1.05-5.3-5.892-6.72-11.913-8.55-2.25-.693-3.486-1.794-3.035-2.82.385-.896 1.765-1.177 3.44-.946 2.554.366 4.594 1.22 6.558 2.289l2.684-6.651c-.605-.299-4.954-2.909-10.404-2.909-7.6 0-12.454 3.708-12.454 9.18 0 4.876 3.003 7.711 8.525 9.3 5.939 1.723 7.445 2.416 7.266 4.124-.154 1.472-3.835 3.265-12.841-2.276l-2.676 5.537-8.26-24.93H12.547L1.814 33.003h8.952L12.5 28H23l1.784 5.004h9.398l-1.066-3.031c3.177 1.836 7.117 3.517 11.83 3.517 7.22 0 11.123-3.943 12.054-7.722v7.236h12.11c7.219 0 10.995-3.442 12.968-7.126l-2.477 7.126h8.945L90.336 28H101l1.572 5.004h9.41L101.697 2.012zM14.5 21l3.338-10.648L21 21h-6.5zM66 25.012V10h2.135c3.043 0 6.365 1.232 6.365 7.506 0 5.557-2.934 7.506-6.339 7.506H66zM92.5 21l3.184-10.521L99 21h-6.5z"></path></svg></span></div></button></div><div class="header__menu"><div class="top-menu" data-auto-id="menu" data-compact="true"><a data-auto-id="btnSignIn" href="https://www.asda.com/login?redirect_uri=https%253A%252F%252Fgroceries.asda.com%252Fsearch%252Fmeat-poultry-fish%252Fproducts%253Fpage%253D2&amp;request_origin=gi" class="asda-btn asda-btn--secondary asda-btn--fluid top-menu__sign-in" target="_self" data-di-id="di-id-24a0880a-eddcda59">Sign In</a></div></div><div class="header__search"><div class="search"><form data-auto-id="searchForm" method="get" role="search" class="search-form" data-di-form-track=""><div class="search-form__input-wrapper"><div class="asda-text-field__container"><input id="search" type="text" name="search" class="asda-text-field search-form__input" maxlength="80" data-auto-id="searchForm" placeholder="Search for products and recipes... " autocomplete="off" value=""></div></div><button data-auto-id="btnSearch" type="submit" class="search-form__search-button" aria-label="submit search"><span role="img" data-auto-id="" class="asda-icon asda-icon--white asda-icon--regular asda-icon--rotate0"><svg viewBox="0 0 32 32" xmlns="http://www.w3.org/2000/svg" data-di-rand="1700859407573" data-di-res-id="cdb03828-7e9e8156"><path d="M14 5a9 9 0 017.032 14.617l5.1 5.1a.5.5 0 010 .708l-.707.707a.5.5 0 01-.707 0l-5.1-5.1A9 9 0 1114 5zm0 2a7 7 0 100 14 7 7 0 000-14z" fill="#3d3d3d" class="asda-icon__draw"></path></svg></span></button></form><div class="search__container new-search__container"></div></div></div></div></div></div></header><section class="layout__section search-layout__section site-width" id="main-content"><main class="layout__main search-page"><div class="cms-modules cms-modules--invisible"></div><div class="cms-modules cms-modules--visible"><div class="search-page-content"><div class="search-content-header" data-auto-id="search-page-header"><div class="search-content-header__title" data-auto-id="search-page-title"><div class="search-content-header__keyword">meat-poultry-fish</div><div class="search-content-header__results-count">(976 search results)</div></div></div><div id="brand-amplifier-portal"></div><div class="asda-tab-list" data-auto-id="tabSearch" role="tablist"><button type="button" data-auto-id="tab-0" class="asda-tab asda-tab--selected asda-tab--fluid" role="tab" aria-label="Products" aria-selected="true" data-di-id="di-id-4e259c0f-d46188e"><span class="asda-tab__label">Products</span></button><button type="button" data-auto-id="tab-1" class="asda-tab asda-tab--fluid" role="tab" aria-label="Recipes" aria-selected="false" data-di-id="di-id-2e752bfa-ebc2974b"><span class="asda-tab__label">Recipes</span></button></div><div class=""><div class="search-page-content__products-tab-content"><div class="search-page-content__filters-row"><div class="search-page-content__sort search-page-content__sort--product"><button data-auto-id="" type="button" class="asda-btn asda-btn--plain facet-button" data-di-id="di-id-30771e14-f89fca80"><div class="facet-button__content"><div class="facet-button__description"><div class="facet-button__text">sort</div><div class="facet-button__subtext">Relevance (high to low)</div></div><span role="img" data-auto-id="" class="asda-icon asda-icon--charcoal asda-icon--regular asda-icon--rotate0 facet-button__icon"><svg viewBox="0 0 32 32" xmlns="http://www.w3.org/2000/svg" data-di-res-id="b9ba2e7a-b26a12bc" data-di-rand="1700859408933"><path d="M13.5 22a.5.5 0 01.5.5v1a.5.5 0 01-.5.5h-7a.5.5 0 01-.5-.5v-1a.5.5 0 01.5-.5zm5-7a.5.5 0 01.5.5v1a.5.5 0 01-.5.5h-12a.5.5 0 01-.5-.5v-1a.5.5 0 01.5-.5zm7-7a.5.5 0 01.5.5v1a.5.5 0 01-.5.5h-19a.5.5 0 01-.5-.5v-1a.5.5 0 01.5-.5z" fill="#3d3d3d" class="asda-icon__draw" fill-rule="evenodd"></path></svg></span></div></button><div class="asda-responsive-menu sort-by-select"><div class="asda-responsive-menu__children-container asda-responsive-menu__children-container--hide" style="transition: opacity 500ms ease 0s; z-index: -100; opacity: 0;"></div></div></div><div data-auto-id="nutritionFilter" class="nutrition-filter search-product-facets__nutrition-filter"><div class="tooltip-wrapper"><button aria-label="Dietary &amp; Lifestyle selected" aria-expanded="false" type="button" class="asda-filter filter-button" data-di-id="di-id-cd8b8df7-7a3a4082"><span class="asda-filter__text"><span class="asda-filter__caption">Dietary &amp; Lifestyle </span><span data-auto-id="selectedSortByText" class="asda-filter__selection"></span></span><span class="asda-filter__icon"><span role="img" data-auto-id="" class="asda-icon asda-icon--charcoal asda-icon--regular asda-icon--rotate0"><svg viewBox="0 0 32 32" xmlns="http://www.w3.org/2000/svg" data-di-res-id="b81ad5e-98f0d56a" data-di-rand="1700859731909"><path d="M14 20c1.306 0 2.418.835 2.83 2h8.67a.5.5 0 01.5.5v1a.5.5 0 01-.5.5h-8.671a3.001 3.001 0 01-5.658 0H6.5a.5.5 0 01-.5-.5v-1a.5.5 0 01.5-.5h4.67A3.001 3.001 0 0114 20zm0 2a1 1 0 00-.117 1.993L14 24a1 1 0 00.117-1.993zm7-9c1.306 0 2.418.835 2.83 2h1.67a.5.5 0 01.5.5v1a.5.5 0 01-.5.5h-1.671a3.001 3.001 0 01-5.658 0H6.5a.5.5 0 01-.5-.5v-1a.5.5 0 01.5-.5h11.67A3.001 3.001 0 0121 13zm0 2a1 1 0 00-.117 1.993L21 17a1 1 0 00.117-1.993zM11 6c1.306 0 2.418.835 2.83 2H25.5a.5.5 0 01.5.5v1a.5.5 0 01-.5.5H13.829a3.001 3.001 0 01-5.658 0H6.5a.5.5 0 01-.5-.5v-1a.5.5 0 01.5-.5h1.67A3.001 3.001 0 0111 6zm0 2a1 1 0 00-.117 1.993L11 10a1 1 0 00.117-1.993z" fill="#3d3d3d" class="asda-icon__draw" fill-rule="evenodd"></path></svg></span></span></button></div></div><div class="co-dropdown facet-dropdown"><select name="Category" class="co-dropdown__select facet-dropdown__select"><option value="Category" class="co-dropdown__option" aria-label="Category">Category</option><option value="super_dept_name:Meat, Poultry &amp; Fish" class="co-dropdown__option" aria-label="Category Meat, Poultry &amp; Fish (564)">Meat, Poultry &amp; Fish (564)</option><option value="super_dept_name:Chilled Food" class="co-dropdown__option" aria-label="Category Chilled Food (243)">Chilled Food (243)</option><option value="super_dept_name:Home &amp; Entertainment" class="co-dropdown__option" aria-label="Category Home &amp; Entertainment (114)">Home &amp; Entertainment (114)</option><option value="super_dept_name:Dietary &amp; Lifestyle" class="co-dropdown__option" aria-label="Category Dietary &amp; Lifestyle (52)">Dietary &amp; Lifestyle (52)</option><option value="super_dept_name:Pet Food &amp; Accessories" class="co-dropdown__option" aria-label="Category Pet Food &amp; Accessories (2)">Pet Food &amp; Accessories (2)</option><option value="super_dept_name:World Food" class="co-dropdown__option" aria-label="Category World Food (1)">World Food (1)</option></select><span aria-hidden="true" role="img" data-auto-id="" class="asda-icon asda-icon--charcoal asda-icon--small asda-icon--rotate0 co-dropdown__caret facet-dropdown__caret"><svg viewBox="0 0 32 32" xmlns="http://www.w3.org/2000/svg" data-di-res-id="e1e003ef-f2929906" data-di-rand="1700859731914"><path d="M10.546 12h10.91c.462 0 .714.565.418.937l-5.454 6.857a.53.53 0 01-.838 0l-5.455-6.857c-.296-.372-.043-.937.42-.937z" fill="#3d3d3d" class="asda-icon__draw"></path></svg></span></div><div class="co-dropdown facet-dropdown"><select name="Brand" class="co-dropdown__select facet-dropdown__select"><option value="Brand" class="co-dropdown__option" aria-label="Brand">Brand</option><option value="product_brand:ASDA" class="co-dropdown__option" aria-label="Brand ASDA (426)">ASDA (426)</option><option value="product_brand:ASDA Extra Special" class="co-dropdown__option" aria-label="Brand ASDA Extra Special (146)">ASDA Extra Special (146)</option><option value="product_brand:George Home" class="co-dropdown__option" aria-label="Brand George Home (63)">George Home (63)</option><option value="product_brand:Shazans" class="co-dropdown__option" aria-label="Brand Shazans (37)">Shazans (37)</option><option value="product_brand:JUST ESSENTIALS by ASDA" class="co-dropdown__option" aria-label="Brand JUST ESSENTIALS by ASDA (31)">JUST ESSENTIALS by ASDA (31)</option><option value="product_brand:Scoville" class="co-dropdown__option" aria-label="Brand Scoville (26)">Scoville (26)</option><option value="product_brand:Richmond" class="co-dropdown__option" aria-label="Brand Richmond (18)">Richmond (18)</option><option value="product_brand:Fridge Raiders" class="co-dropdown__option" aria-label="Brand Fridge Raiders (16)">Fridge Raiders (16)</option><option value="product_brand:Peperami" class="co-dropdown__option" aria-label="Brand Peperami (14)">Peperami (14)</option><option value="product_brand:Gino D'Acampo" class="co-dropdown__option" aria-label="Brand Gino D'Acampo (13)">Gino D'Acampo (13)</option></select><span aria-hidden="true" role="img" data-auto-id="" class="asda-icon asda-icon--charcoal asda-icon--small asda-icon--rotate0 co-dropdown__caret facet-dropdown__caret"><svg viewBox="0 0 32 32" xmlns="http://www.w3.org/2000/svg" data-di-res-id="8e5de38b-6d91711" data-di-rand="1700859731921"><path d="M10.546 12h10.91c.462 0 .714.565.418.937l-5.454 6.857a.53.53 0 01-.838 0l-5.455-6.857c-.296-.372-.043-.937.42-.937z" fill="#3d3d3d" class="asda-icon__draw"></path></svg></span></div></div><div class=" co-product-list co-product-list--rest-in-shelf"><ul class=" co-product-list__main-cntr co-product-list__main-cntr--rest-in-shelf" data-ss-variation-applied="9"><li class=" co-item co-item--rest-in-shelf " style="order: 0;"><div><div class="co-product"><div class="co-item__col1 co-item__col1--rest-in-shelf"><button type="button" data-auto-id="linkProductImage" class="asda-link asda-link--primary asda-link--button" aria-disabled="false"><div class="thumbnail__image-container co-product__image co-product__image--rest-in-shelf co-item__image"><picture class="asda-image picture"><source type="image/webp" srcset="https://ui.assets-asda.com/dm/asdagroceries/5054781258261?$ProdList2x$=&amp;fmt=webp&amp;qlt=50"><img alt="ASDA 8 Pork Loin Steaks" class="asda-img asda-image thumbnail__image" data-auto-id="" src="https://ui.assets-asda.com/dm/asdagroceries/5054781258261?$ProdList2x$=&amp;fmt=jpg&amp;qlt=50" loading="lazy" title="ASDA 8 Pork Loin Steaks"></picture></div></button><div class="co-item__items-container"><div class="co-item-fsl__favourites-image-container co-item__items" role="presentation" data-auto-id="favouritesAndShoppingList"><div class="context-wrapper"><button data-auto-id="" type="button" class="asda-btn asda-btn--plain asda-btn--icon co-item-fsl__favourites-button" aria-label="options for favourite shopping list" aria-expanded="false"><span role="img" data-auto-id="" class="asda-icon asda-icon--white asda-icon--regular asda-icon--rotate0 co-item-fsl__favourites-image co-item__items"><svg viewBox="0 0 35 23" xmlns="http://www.w3.org/2000/svg" xmlns:xlink="http://www.w3.org/1999/xlink" data-di-res-id="8e64de48-d7ff2f07" data-di-rand="1700859408936"><defs><path id="asda_fav_list_1" d="M7.02 2C7 2.344 7 2.685 7 3h6c0-.315 0-.656-.02-1H18c1 0 2 .784 2 1.667v17.667C20 22.167 19 23 18 23H2c-1 0-2-.833-2-1.666V3.667C0 2.833 1 2 2 2h5.02zM12 2H8c0-1 1-2 2-2s2 1 2 2zM7 17v2h10v-2H7zm-4-5v2h2v-2H3zm0-5v2h2V7H3zm0 10v2h2v-2H3zm4-5v2h10v-2H7zm0-5v2h10V7H7z"></path><path id="asda_fav_list_2" d="M24 21c-1.818-1.8-10-7.65-10-12.6C14 5.7 15.818 3 19 3c2 0 4 .82 5 3.295C25 3.82 27 3 29 3c3.182 0 5 2.7 5 5.4 0 4.95-8.182 10.8-10 12.6z"></path></defs><g class="asda-icon__draw" fill="none" fill-rule="evenodd"><use fill="#3d3d3d" xlink:href="#asda_fav_list_1"></use><use class="asda-icon__draw" fill="#FFF" stroke="#3d3d3d" stroke-width="1.9" xlink:href="#asda_fav_list_2"></use></g></svg></span></button></div></div><div class="co-item__volume-container co-item__items"><span class="co-product__volume co-item__volume">800g      </span></div></div><div class="link-save-banner"><a class="link-save-banner-large__anchor link-save-banner-large__anchor--hyperlink" data-auto-id="linkPromoDetail" href="/promotion/2-for-8/ls92836" data-di-id="di-id-a30e8dee-4e34d33"><div class="link-save-banner-large__meat-sticker"><span class="link-save-banner-large__config link-save-banner-large__config--block link-save-banner-large__config--font-normal link-save-banner-large__config--center link-save-banner-large__config--height-normal">Any 2 for </span><span class="link-save-banner-large__config link-save-banner-large__config--block link-save-banner-large__config--font-huge link-save-banner-large__config--up-small">£8</span><span class="link-save-banner-large__view-all">View all</span></div></a></div></div><div class="co-item__col2 co-item__col2--rest-in-shelf co-item__col2--has-icon-list"><div class="co-item__title-container co-item__title-container--rest-in-shelf"><h3 class="co-product__title"><a class="co-product__anchor" data-auto-id="linkProductTitle" href="/product/pork-chops-steaks/asda-8-pork-loin-steaks/910002871253" data-di-id="di-id-b52f6e4a-d6d7bb5a">ASDA 8 Pork Loin Steaks</a></h3></div><div class="co-item__rating-container"><button type="button" data-auto-id="linkProductRating" class="asda-link asda-link--primary asda-link--button co-product__rating" aria-disabled="false" aria-label="3.95 stars out of 5 based on 50+ reviews, you will be taken to the reviews on clicking this" data-di-id="di-id-f9fe053c-665ea5f8"><div class="rating-stars rating-stars--windows"><div class="rating-stars__stars rating-stars__stars--top" aria-hidden="true" style="width: 79%;"><span aria-hidden="true">★</span><span aria-hidden="true">★</span><span aria-hidden="true">★</span><span aria-hidden="true">★</span><span aria-hidden="true">★</span></div><div class="rating-stars__stars rating-stars__stars--bottom" aria-hidden="true"><span aria-hidden="true">☆</span><span aria-hidden="true">☆</span><span aria-hidden="true">☆</span><span aria-hidden="true">☆</span><span aria-hidden="true">☆</span></div></div><span class="co-product__review-count" aria-hidden="true">(50+)</span></button></div><div class="co-item__bundled-item-count-container"></div><div class="co-item__promo-container co-item__promo-container--rest-in-shelf"></div><ul><div class="co-item__icon-list-container"><ul class="co-product__promo-icon-list co-item__promo-icon-list co-item__promo-icon-list--list-position"><li class="co-product__promo-icon-item"><div class="co-product__promo-icon-image-cntr"><button data-auto-id="btnPromo" type="button" class="asda-btn asda-btn--plain co-product__promo-icon-button" aria-label="show information on Typically fresh for 3 days"><picture class="asda-image picture"><source srcset="https://ui.assets-asda.com/dm/produce-3-days-icon?$Icon-wapp2x$=&amp;qlt=50"><img alt="Typically fresh for 3 days" class="asda-img asda-image co-product__promo-icon-img" data-auto-id="" src="https://ui.assets-asda.com/dm/produce-3-days-icon?$Icon-wapp2x$=&amp;qlt=50" loading="lazy" title="Typically fresh for 3 days"></picture></button></div></li></ul></div></ul></div><div class="co-item__col3 co-item__col3--rest-in-shelf"><div class="co-item__price-container co-item__price-container--rest-in-shelf"><span class="co-item__price-per-uom"><strong class="co-product__price"><span class="co-product__hidden-label"> now </span>£5.50</strong><p class="co-item__price-per-uom-msg"><span class="co-product__price-per-uom">(£6.88/kg)</span></p></span></div><div class="co-item__quantity-container co-item__quantity-container--rest-in-shelf"><div class="co-item__quantity-container"><div class="quantity-button"><div class="add-button-with-tooltip"><div class="tooltip-wrapper"><button data-auto-id="btnAdd" type="button" class="asda-btn asda-btn--primary asda-btn--fluid add-button" aria-label="Add item ASDA 8 Pork Loin Steaks to cart" data-di-id="di-id-bd5e14ce-b3d9e896">Add</button></div></div></div></div></div></div><div class="co-item__col4"><a class="asda-link asda-link--primary" data-auto-id="linkViewTheShelf" target="_self" href="/shelf/meat-poultry-fish/meat-poultry/pork/pork-chops-steaks/1215135760597-910000975206-910000975676-910001112627" data-di-id="di-id-e6b55506-a5e94f9c">View the shelf</a></div></div></div></li><li class=" co-item co-item--rest-in-shelf " style="order: 1;"><div><div class="co-product"><div class="co-item__col1 co-item__col1--rest-in-shelf"><button type="button" data-auto-id="linkProductImage" class="asda-link asda-link--primary asda-link--button" aria-disabled="false"><div class="thumbnail__image-container co-product__image co-product__image--rest-in-shelf co-item__image"><picture class="asda-image picture"><source type="image/webp" srcset="https://ui.assets-asda.com/dm/asdagroceries/5057172255269?$ProdList2x$=&amp;fmt=webp&amp;qlt=50"><img alt="ASDA Honey Gammon Joint" class="asda-img asda-image thumbnail__image" data-auto-id="" src="https://ui.assets-asda.com/dm/asdagroceries/5057172255269?$ProdList2x$=&amp;fmt=jpg&amp;qlt=50" loading="lazy" title="ASDA Honey Gammon Joint"></picture></div></button><div class="co-item__items-container"><div class="co-item-fsl__favourites-image-container co-item__items" role="presentation" data-auto-id="favouritesAndShoppingList"><div class="context-wrapper"><button data-auto-id="" type="button" class="asda-btn asda-btn--plain asda-btn--icon co-item-fsl__favourites-button" aria-label="options for favourite shopping list" aria-expanded="false"><span role="img" data-auto-id="" class="asda-icon asda-icon--white asda-icon--regular asda-icon--rotate0 co-item-fsl__favourites-image co-item__items"><svg viewBox="0 0 35 23" xmlns="http://www.w3.org/2000/svg" xmlns:xlink="http://www.w3.org/1999/xlink" data-di-res-id="6ebba97b-1689d3ad" data-di-rand="1700859408938"><defs><path id="asda_fav_list_1" d="M7.02 2C7 2.344 7 2.685 7 3h6c0-.315 0-.656-.02-1H18c1 0 2 .784 2 1.667v17.667C20 22.167 19 23 18 23H2c-1 0-2-.833-2-1.666V3.667C0 2.833 1 2 2 2h5.02zM12 2H8c0-1 1-2 2-2s2 1 2 2zM7 17v2h10v-2H7zm-4-5v2h2v-2H3zm0-5v2h2V7H3zm0 10v2h2v-2H3zm4-5v2h10v-2H7zm0-5v2h10V7H7z"></path><path id="asda_fav_list_2" d="M24 21c-1.818-1.8-10-7.65-10-12.6C14 5.7 15.818 3 19 3c2 0 4 .82 5 3.295C25 3.82 27 3 29 3c3.182 0 5 2.7 5 5.4 0 4.95-8.182 10.8-10 12.6z"></path></defs><g class="asda-icon__draw" fill="none" fill-rule="evenodd"><use fill="#3d3d3d" xlink:href="#asda_fav_list_1"></use><use class="asda-icon__draw" fill="#FFF" stroke="#3d3d3d" stroke-width="1.9" xlink:href="#asda_fav_list_2"></use></g></svg></span></button></div></div><div class="co-item__volume-container co-item__items"><span class="co-product__volume co-item__volume">1.33kg    </span></div></div></div><div class="co-item__col2 co-item__col2--rest-in-shelf"><div class="co-item__title-container co-item__title-container--rest-in-shelf"><h3 class="co-product__title"><a class="co-product__anchor" data-auto-id="linkProductTitle" href="/product/gammon/asda-honey-gammon-joint/1000175995062" data-di-id="di-id-c503c5cf-6b81318c">ASDA Honey Gammon Joint</a></h3></div><div class="co-item__rating-container"></div><div class="co-item__bundled-item-count-container"></div><div class="co-item__promo-container co-item__promo-container--rest-in-shelf"></div><ul></ul></div><div class="co-item__col3 co-item__col3--rest-in-shelf"><div class="co-item__price-container co-item__price-container--rest-in-shelf"><span class="co-item__price-per-uom"><strong class="co-product__price"><span class="co-product__hidden-label"> now </span>£13.50</strong><p class="co-item__price-per-uom-msg"><span class="co-product__price-per-uom">(£10.15/kg)</span></p></span></div><div class="co-item__quantity-container co-item__quantity-container--rest-in-shelf"><div class="co-item__quantity-container"><div class="quantity-button"><div class="add-button-with-tooltip"><div class="tooltip-wrapper"><button data-auto-id="btnAdd" type="button" class="asda-btn asda-btn--primary asda-btn--fluid add-button" aria-label="Add item ASDA Honey Gammon Joint to cart" data-di-id="di-id-bd5e14ce-b3d9e896">Add</button></div></div></div></div></div></div><div class="co-item__col4"><a class="asda-link asda-link--primary" data-auto-id="linkViewTheShelf" target="_self" href="/shelf/meat-poultry-fish/meat-poultry/bacon-sausages-gammon/gammon/1215135760597-910000975206-910000975529-910000977100" data-di-id="di-id-f36189d6-d71e1149">View the shelf</a></div></div></div></li><li class=" co-item co-item--rest-in-shelf " style="order: 2;"><div><div class="co-product"><div class="co-item__col1 co-item__col1--rest-in-shelf"><button type="button" data-auto-id="linkProductImage" class="asda-link asda-link--primary asda-link--button" aria-disabled="false"><div class="thumbnail__image-container co-product__image co-product__image--rest-in-shelf co-item__image"><picture class="asda-image picture"><source type="image/webp" srcset="https://ui.assets-asda.com/dm/asdagroceries/5054781688235?$ProdList2x$=&amp;fmt=webp&amp;qlt=50"><img alt="ASDA Lean 6 Pork Loin Medallions" class="asda-img asda-image thumbnail__image" data-auto-id="" src="https://ui.assets-asda.com/dm/asdagroceries/5054781688235?$ProdList2x$=&amp;fmt=jpg&amp;qlt=50" loading="lazy" title="ASDA Lean 6 Pork Loin Medallions"></picture></div></button><div class="co-item__items-container"><div class="co-item-fsl__favourites-image-container co-item__items" role="presentation" data-auto-id="favouritesAndShoppingList"><div class="context-wrapper"><button data-auto-id="" type="button" class="asda-btn asda-btn--plain asda-btn--icon co-item-fsl__favourites-button" aria-label="options for favourite shopping list" aria-expanded="false"><span role="img" data-auto-id="" class="asda-icon asda-icon--white asda-icon--regular asda-icon--rotate0 co-item-fsl__favourites-image co-item__items"><svg viewBox="0 0 35 23" xmlns="http://www.w3.org/2000/svg" xmlns:xlink="http://www.w3.org/1999/xlink" data-di-res-id="d607ce1e-7767a87b" data-di-rand="1700859408939"><defs><path id="asda_fav_list_1" d="M7.02 2C7 2.344 7 2.685 7 3h6c0-.315 0-.656-.02-1H18c1 0 2 .784 2 1.667v17.667C20 22.167 19 23 18 23H2c-1 0-2-.833-2-1.666V3.667C0 2.833 1 2 2 2h5.02zM12 2H8c0-1 1-2 2-2s2 1 2 2zM7 17v2h10v-2H7zm-4-5v2h2v-2H3zm0-5v2h2V7H3zm0 10v2h2v-2H3zm4-5v2h10v-2H7zm0-5v2h10V7H7z"></path><path id="asda_fav_list_2" d="M24 21c-1.818-1.8-10-7.65-10-12.6C14 5.7 15.818 3 19 3c2 0 4 .82 5 3.295C25 3.82 27 3 29 3c3.182 0 5 2.7 5 5.4 0 4.95-8.182 10.8-10 12.6z"></path></defs><g class="asda-icon__draw" fill="none" fill-rule="evenodd"><use fill="#3d3d3d" xlink:href="#asda_fav_list_1"></use><use class="asda-icon__draw" fill="#FFF" stroke="#3d3d3d" stroke-width="1.9" xlink:href="#asda_fav_list_2"></use></g></svg></span></button></div></div><div class="co-item__volume-container co-item__items"><span class="co-product__volume co-item__volume">450g      </span></div></div><div class="link-save-banner"><a class="link-save-banner-large__anchor link-save-banner-large__anchor--hyperlink" data-auto-id="linkPromoDetail" href="/promotion/2-for-8/ls92836" data-di-id="di-id-a30e8dee-4e34d33"><div class="link-save-banner-large__meat-sticker"><span class="link-save-banner-large__config link-save-banner-large__config--block link-save-banner-large__config--font-normal link-save-banner-large__config--center link-save-banner-large__config--height-normal">Any 2 for </span><span class="link-save-banner-large__config link-save-banner-large__config--block link-save-banner-large__config--font-huge link-save-banner-large__config--up-small">£8</span><span class="link-save-banner-large__view-all">View all</span></div></a></div></div><div class="co-item__col2 co-item__col2--rest-in-shelf co-item__col2--has-icon-list"><div class="co-item__title-container co-item__title-container--rest-in-shelf"><h3 class="co-product__title"><a class="co-product__anchor" data-auto-id="linkProductTitle" href="/product/pork-chops-steaks/asda-lean-6-pork-loin-medallions/1000004206054" data-di-id="di-id-d90366b3-46319e3a">ASDA Lean 6 Pork Loin Medallions</a></h3></div><div class="co-item__rating-container"><button type="button" data-auto-id="linkProductRating" class="asda-link asda-link--primary asda-link--button co-product__rating" aria-disabled="false" aria-label="3.05 stars out of 5 based on 21 reviews, you will be taken to the reviews on clicking this" data-di-id="di-id-f9fe053c-a5ae043d"><div class="rating-stars rating-stars--windows"><div class="rating-stars__stars rating-stars__stars--top" aria-hidden="true" style="width: 61%;"><span aria-hidden="true">★</span><span aria-hidden="true">★</span><span aria-hidden="true">★</span><span aria-hidden="true">★</span><span aria-hidden="true">★</span></div><div class="rating-stars__stars rating-stars__stars--bottom" aria-hidden="true"><span aria-hidden="true">☆</span><span aria-hidden="true">☆</span><span aria-hidden="true">☆</span><span aria-hidden="true">☆</span><span aria-hidden="true">☆</span></div></div><span class="co-product__review-count" aria-hidden="true">(21)</span></button></div><div class="co-item__bundled-item-count-container"></div><div class="co-item__promo-container co-item__promo-container--rest-in-shelf"></div><ul><div class="co-item__icon-list-container"><ul class="co-product__promo-icon-list co-item__promo-icon-list co-item__promo-icon-list--list-position"><li class="co-product__promo-icon-item"><div class="co-product__promo-icon-image-cntr"><button data-auto-id="btnPromo" type="button" class="asda-btn asda-btn--plain co-product__promo-icon-button" aria-label="show information on Typically fresh for 4 days"><picture class="asda-image picture"><source srcset="https://ui.assets-asda.com/dm/produce-4-days-icon?$Icon-wapp2x$=&amp;qlt=50"><img alt="Typically fresh for 4 days" class="asda-img asda-image co-product__promo-icon-img" data-auto-id="" src="https://ui.assets-asda.com/dm/produce-4-days-icon?$Icon-wapp2x$=&amp;qlt=50" loading="lazy" title="Typically fresh for 4 days"></picture></button></div></li></ul></div></ul></div><div class="co-item__col3 co-item__col3--rest-in-shelf"><div class="co-item__price-container co-item__price-container--rest-in-shelf"><span class="co-item__price-per-uom"><strong class="co-product__price"><span class="co-product__hidden-label"> now </span>£4.50</strong><p class="co-item__price-per-uom-msg"><span class="co-product__price-per-uom">(£10.00/kg)</span></p></span></div><div class="co-item__quantity-container co-item__quantity-container--rest-in-shelf"><div class="co-item__quantity-container"><div class="quantity-button"><div class="add-button-with-tooltip"><div class="tooltip-wrapper"><button data-auto-id="btnAdd" type="button" class="asda-btn asda-btn--primary asda-btn--fluid add-button" aria-label="Add item ASDA Lean 6 Pork Loin Medallions to cart" data-di-id="di-id-bd5e14ce-b3d9e896">Add</button></div></div></div></div></div></div><div class="co-item__col4"><a class="asda-link asda-link--primary" data-auto-id="linkViewTheShelf" target="_self" href="/shelf/meat-poultry-fish/meat-poultry/pork/pork-chops-steaks/1215135760597-910000975206-910000975676-910001112627" data-di-id="di-id-e6b55506-a5e94f9c">View the shelf</a></div></div></div></li><li class=" co-item co-item--rest-in-shelf " style="order: 3;"><div><div class="co-product"><div class="co-item__col1 co-item__col1--rest-in-shelf"><button type="button" data-auto-id="linkProductImage" class="asda-link asda-link--primary asda-link--button" aria-disabled="false"><div class="thumbnail__image-container co-product__image co-product__image--rest-in-shelf co-item__image"><picture class="asda-image picture"><source type="image/webp" srcset="https://ui.assets-asda.com/dm/asdagroceries/T_5054070874615?$ProdList2x$=&amp;fmt=webp&amp;qlt=50"><img alt="ASDA Extra Special Dry Cured Gammon Joint" class="asda-img asda-image thumbnail__image" data-auto-id="" src="https://ui.assets-asda.com/dm/asdagroceries/T_5054070874615?$ProdList2x$=&amp;fmt=jpg&amp;qlt=50" loading="lazy" title="ASDA Extra Special Dry Cured Gammon Joint"></picture></div></button><div class="co-item__items-container"><div class="co-item-fsl__favourites-image-container co-item__items" role="presentation" data-auto-id="favouritesAndShoppingList"><div class="context-wrapper"><button data-auto-id="" type="button" class="asda-btn asda-btn--plain asda-btn--icon co-item-fsl__favourites-button" aria-label="options for favourite shopping list" aria-expanded="false"><span role="img" data-auto-id="" class="asda-icon asda-icon--white asda-icon--regular asda-icon--rotate0 co-item-fsl__favourites-image co-item__items"><svg viewBox="0 0 35 23" xmlns="http://www.w3.org/2000/svg" xmlns:xlink="http://www.w3.org/1999/xlink" data-di-res-id="23779ef5-96827e21" data-di-rand="1700859408941"><defs><path id="asda_fav_list_1" d="M7.02 2C7 2.344 7 2.685 7 3h6c0-.315 0-.656-.02-1H18c1 0 2 .784 2 1.667v17.667C20 22.167 19 23 18 23H2c-1 0-2-.833-2-1.666V3.667C0 2.833 1 2 2 2h5.02zM12 2H8c0-1 1-2 2-2s2 1 2 2zM7 17v2h10v-2H7zm-4-5v2h2v-2H3zm0-5v2h2V7H3zm0 10v2h2v-2H3zm4-5v2h10v-2H7zm0-5v2h10V7H7z"></path><path id="asda_fav_list_2" d="M24 21c-1.818-1.8-10-7.65-10-12.6C14 5.7 15.818 3 19 3c2 0 4 .82 5 3.295C25 3.82 27 3 29 3c3.182 0 5 2.7 5 5.4 0 4.95-8.182 10.8-10 12.6z"></path></defs><g class="asda-icon__draw" fill="none" fill-rule="evenodd"><use fill="#3d3d3d" xlink:href="#asda_fav_list_1"></use><use class="asda-icon__draw" fill="#FFF" stroke="#3d3d3d" stroke-width="1.9" xlink:href="#asda_fav_list_2"></use></g></svg></span></button></div></div><div class="co-item__volume-container co-item__items"><span class="co-product__volume co-item__volume">1.5kg     </span></div></div></div><div class="co-item__col2 co-item__col2--rest-in-shelf co-item__col2--has-icon-list"><div class="co-item__title-container co-item__title-container--rest-in-shelf"><h3 class="co-product__title"><a class="co-product__anchor" data-auto-id="linkProductTitle" href="/product/gammon/asda-extra-special-dry-cured-gammon-joint/910002174535" data-di-id="di-id-da561fed-b956d87a">ASDA Extra Special Dry Cured Gammon Joint</a></h3></div><div class="co-item__rating-container"></div><div class="co-item__bundled-item-count-container"></div><div class="co-item__promo-container co-item__promo-container--rest-in-shelf"></div><ul><div class="co-item__icon-list-container"><ul class="co-product__promo-icon-list co-item__promo-icon-list co-item__promo-icon-list--list-position"><li class="co-product__promo-icon-item"><div class="co-product__promo-icon-image-cntr"><button data-auto-id="btnPromo" type="button" class="asda-btn asda-btn--plain co-product__promo-icon-button" aria-label="show information on Serves 6 - 8"><picture class="asda-image picture"><source srcset="https://ui.assets-asda.com/dm/icon_serves?$serves=6-8&amp;$Icon-wapp2x$=&amp;qlt=50"><img alt="Serves 6 - 8" class="asda-img asda-image co-product__promo-icon-img" data-auto-id="" src="https://ui.assets-asda.com/dm/icon_serves?$serves=6-8&amp;$Icon-wapp2x$=&amp;qlt=50" loading="lazy" title="Serves 6 - 8"></picture></button></div></li></ul></div></ul></div><div class="co-item__col3 co-item__col3--rest-in-shelf"><div class="co-item__price-container co-item__price-container--rest-in-shelf"><span class="co-item__price-per-uom"><strong class="co-product__price"><span class="co-product__hidden-label"> now </span>£16.00</strong><p class="co-item__price-per-uom-msg"><span class="co-product__price-per-uom">(£10.67/kg)</span></p></span></div><div class="co-item__quantity-container co-item__quantity-container--rest-in-shelf"><div class="co-item__quantity-container"><div class="quantity-button"><div class="add-button-with-tooltip"><div class="tooltip-wrapper"><button data-auto-id="btnAdd" type="button" class="asda-btn asda-btn--primary asda-btn--fluid add-button" aria-label="Add item ASDA Extra Special Dry Cured Gammon Joint to cart" data-di-id="di-id-bd5e14ce-b3d9e896">Add</button></div></div></div></div></div></div><div class="co-item__col4"><a class="asda-link asda-link--primary" data-auto-id="linkViewTheShelf" target="_self" href="/shelf/meat-poultry-fish/meat-poultry/bacon-sausages-gammon/gammon/1215135760597-910000975206-910000975529-910000977100" data-di-id="di-id-f36189d6-d71e1149">View the shelf</a></div></div></div></li><li class=" co-item co-item--rest-in-shelf " style="order: 4;"><div><div class="co-product"><div class="co-item__col1 co-item__col1--rest-in-shelf"><button type="button" data-auto-id="linkProductImage" class="asda-link asda-link--primary asda-link--button" aria-disabled="false"><div class="thumbnail__image-container co-product__image co-product__image--rest-in-shelf co-item__image"><picture class="asda-image picture"><source type="image/webp" srcset="https://ui.assets-asda.com/dm/asdagroceries/5057172091744_Fresh_Icon?$ProdList2x$=&amp;fmt=webp&amp;qlt=50"><img alt="ASDA Succulent Extra Tasty Large Chicken in a bag" class="asda-img asda-image thumbnail__image" data-auto-id="" src="https://ui.assets-asda.com/dm/asdagroceries/5057172091744_Fresh_Icon?$ProdList2x$=&amp;fmt=jpg&amp;qlt=50" loading="lazy" title="ASDA Succulent Extra Tasty Large Chicken in a bag"></picture></div></button><div class="co-item__items-container"><div class="co-item-fsl__favourites-image-container co-item__items" role="presentation" data-auto-id="favouritesAndShoppingList"><div class="context-wrapper"><button data-auto-id="" type="button" class="asda-btn asda-btn--plain asda-btn--icon co-item-fsl__favourites-button" aria-label="options for favourite shopping list" aria-expanded="false"><span role="img" data-auto-id="" class="asda-icon asda-icon--white asda-icon--regular asda-icon--rotate0 co-item-fsl__favourites-image co-item__items"><svg viewBox="0 0 35 23" xmlns="http://www.w3.org/2000/svg" xmlns:xlink="http://www.w3.org/1999/xlink" data-di-res-id="b326950f-1800113b" data-di-rand="1700859408942"><defs><path id="asda_fav_list_1" d="M7.02 2C7 2.344 7 2.685 7 3h6c0-.315 0-.656-.02-1H18c1 0 2 .784 2 1.667v17.667C20 22.167 19 23 18 23H2c-1 0-2-.833-2-1.666V3.667C0 2.833 1 2 2 2h5.02zM12 2H8c0-1 1-2 2-2s2 1 2 2zM7 17v2h10v-2H7zm-4-5v2h2v-2H3zm0-5v2h2V7H3zm0 10v2h2v-2H3zm4-5v2h10v-2H7zm0-5v2h10V7H7z"></path><path id="asda_fav_list_2" d="M24 21c-1.818-1.8-10-7.65-10-12.6C14 5.7 15.818 3 19 3c2 0 4 .82 5 3.295C25 3.82 27 3 29 3c3.182 0 5 2.7 5 5.4 0 4.95-8.182 10.8-10 12.6z"></path></defs><g class="asda-icon__draw" fill="none" fill-rule="evenodd"><use fill="#3d3d3d" xlink:href="#asda_fav_list_1"></use><use class="asda-icon__draw" fill="#FFF" stroke="#3d3d3d" stroke-width="1.9" xlink:href="#asda_fav_list_2"></use></g></svg></span></button></div></div><div class="co-item__volume-container co-item__items"><span class="co-product__volume co-item__volume">1.6kg     </span></div></div></div><div class="co-item__col2 co-item__col2--rest-in-shelf co-item__col2--has-icon-list"><div class="co-item__title-container co-item__title-container--rest-in-shelf"><h3 class="co-product__title"><a class="co-product__anchor" data-auto-id="linkProductTitle" href="/product/whole-chickens/asda-succulent-extra-tasty-large-chicken-in-a-bag/1000118517697" data-di-id="di-id-d9e87428-31c392ab">ASDA Succulent Extra Tasty Large Chicken in a bag</a></h3></div><div class="co-item__rating-container"><button type="button" data-auto-id="linkProductRating" class="asda-link asda-link--primary asda-link--button co-product__rating" aria-disabled="false" aria-label="4.01 stars out of 5 based on 50+ reviews, you will be taken to the reviews on clicking this" data-di-id="di-id-f9fe053c-665ea5f8"><div class="rating-stars rating-stars--windows"><div class="rating-stars__stars rating-stars__stars--top" aria-hidden="true" style="width: 80.2%;"><span aria-hidden="true">★</span><span aria-hidden="true">★</span><span aria-hidden="true">★</span><span aria-hidden="true">★</span><span aria-hidden="true">★</span></div><div class="rating-stars__stars rating-stars__stars--bottom" aria-hidden="true"><span aria-hidden="true">☆</span><span aria-hidden="true">☆</span><span aria-hidden="true">☆</span><span aria-hidden="true">☆</span><span aria-hidden="true">☆</span></div></div><span class="co-product__review-count" aria-hidden="true">(50+)</span></button></div><div class="co-item__bundled-item-count-container"></div><div class="co-item__promo-container co-item__promo-container--rest-in-shelf"></div><ul><div class="co-item__icon-list-container"><ul class="co-product__promo-icon-list co-item__promo-icon-list co-item__promo-icon-list--list-position"><li class="co-product__promo-icon-item"><div class="co-product__promo-icon-image-cntr"><button data-auto-id="btnPromo" type="button" class="asda-btn asda-btn--plain co-product__promo-icon-button" aria-label="show information on Good Housekeeping Taste Approved"><picture class="asda-image picture"><source srcset="https://ui.assets-asda.com/dm/_987_goodhousekeepingaward_23?$icon-wapp$=&amp;$Icon-wapp2x$=&amp;qlt=50"><img alt="Good Housekeeping Taste Approved" class="asda-img asda-image co-product__promo-icon-img" data-auto-id="" src="https://ui.assets-asda.com/dm/_987_goodhousekeepingaward_23?$icon-wapp$=&amp;$Icon-wapp2x$=&amp;qlt=50" loading="lazy" title="Good Housekeeping Taste Approved"></picture></button></div></li></ul></div></ul></div><div class="co-item__col3 co-item__col3--rest-in-shelf"><div class="co-item__price-container co-item__price-container--rest-in-shelf"><span class="co-item__price-per-uom"><strong class="co-product__price"><span class="co-product__hidden-label"> now </span>£6.50</strong><p class="co-item__price-per-uom-msg"><span class="co-product__price-per-uom">(£4.06/kg)</span></p></span></div><div class="co-item__quantity-container co-item__quantity-container--rest-in-shelf"><div class="co-item__quantity-container"><div class="quantity-button"><div class="add-button-with-tooltip"><div class="tooltip-wrapper"><button data-auto-id="btnAdd" type="button" class="asda-btn asda-btn--primary asda-btn--fluid add-button" aria-label="Add item ASDA Succulent Extra Tasty Large Chicken in a bag to cart" data-di-id="di-id-bd5e14ce-b3d9e896">Add</button></div></div></div></div></div></div><div class="co-item__col4"><a class="asda-link asda-link--primary" data-auto-id="linkViewTheShelf" target="_self" href="/shelf/meat-poultry-fish/meat-poultry/chicken-turkey/whole-chickens/1215135760597-910000975206-910000975462-910000976537" data-di-id="di-id-f36189d6-9d5b7a59">View the shelf</a></div></div></div></li><li class=" co-item co-item--rest-in-shelf " style="order: 5;"><div><div class="co-product"><div class="co-item__col1 co-item__col1--rest-in-shelf"><button type="button" data-auto-id="linkProductImage" class="asda-link asda-link--primary asda-link--button" aria-disabled="false"><div class="thumbnail__image-container co-product__image co-product__image--rest-in-shelf co-item__image"><picture class="asda-image picture"><source type="image/webp" srcset="https://ui.assets-asda.com/dm/asdagroceries/5057172091751?$ProdList2x$=&amp;fmt=webp&amp;qlt=50"><img alt="ASDA Classic Pork, Sage and Onion Stuffed Large Chicken" class="asda-img asda-image thumbnail__image" data-auto-id="" src="https://ui.assets-asda.com/dm/asdagroceries/5057172091751?$ProdList2x$=&amp;fmt=jpg&amp;qlt=50" loading="lazy" title="ASDA Classic Pork, Sage and Onion Stuffed Large Chicken"></picture></div></button><div class="co-item__items-container"><div class="co-item-fsl__favourites-image-container co-item__items" role="presentation" data-auto-id="favouritesAndShoppingList"><div class="context-wrapper"><button data-auto-id="" type="button" class="asda-btn asda-btn--plain asda-btn--icon co-item-fsl__favourites-button" aria-label="options for favourite shopping list" aria-expanded="false"><span role="img" data-auto-id="" class="asda-icon asda-icon--white asda-icon--regular asda-icon--rotate0 co-item-fsl__favourites-image co-item__items"><svg viewBox="0 0 35 23" xmlns="http://www.w3.org/2000/svg" xmlns:xlink="http://www.w3.org/1999/xlink" data-di-res-id="964dcad3-b86dff4b" data-di-rand="1700859408944"><defs><path id="asda_fav_list_1" d="M7.02 2C7 2.344 7 2.685 7 3h6c0-.315 0-.656-.02-1H18c1 0 2 .784 2 1.667v17.667C20 22.167 19 23 18 23H2c-1 0-2-.833-2-1.666V3.667C0 2.833 1 2 2 2h5.02zM12 2H8c0-1 1-2 2-2s2 1 2 2zM7 17v2h10v-2H7zm-4-5v2h2v-2H3zm0-5v2h2V7H3zm0 10v2h2v-2H3zm4-5v2h10v-2H7zm0-5v2h10V7H7z"></path><path id="asda_fav_list_2" d="M24 21c-1.818-1.8-10-7.65-10-12.6C14 5.7 15.818 3 19 3c2 0 4 .82 5 3.295C25 3.82 27 3 29 3c3.182 0 5 2.7 5 5.4 0 4.95-8.182 10.8-10 12.6z"></path></defs><g class="asda-icon__draw" fill="none" fill-rule="evenodd"><use fill="#3d3d3d" xlink:href="#asda_fav_list_1"></use><use class="asda-icon__draw" fill="#FFF" stroke="#3d3d3d" stroke-width="1.9" xlink:href="#asda_fav_list_2"></use></g></svg></span></button></div></div><div class="co-item__volume-container co-item__items"><span class="co-product__volume co-item__volume">1.6kg     </span></div></div></div><div class="co-item__col2 co-item__col2--rest-in-shelf co-item__col2--has-icon-list"><div class="co-item__title-container co-item__title-container--rest-in-shelf"><h3 class="co-product__title"><a class="co-product__anchor" data-auto-id="linkProductTitle" href="/product/whole-chickens/asda-classic-pork-sage-and-onion-stuffed-large-chicken/1000118517676" data-di-id="di-id-8b3bf486-e19d7960">ASDA Classic Pork, Sage and Onion Stuffed Large Chicken</a></h3></div><div class="co-item__rating-container"><button type="button" data-auto-id="linkProductRating" class="asda-link asda-link--primary asda-link--button co-product__rating" aria-disabled="false" aria-label="3.93 stars out of 5 based on 41 reviews, you will be taken to the reviews on clicking this" data-di-id="di-id-f9fe053c-a123788f"><div class="rating-stars rating-stars--windows"><div class="rating-stars__stars rating-stars__stars--top" aria-hidden="true" style="width: 78.6%;"><span aria-hidden="true">★</span><span aria-hidden="true">★</span><span aria-hidden="true">★</span><span aria-hidden="true">★</span><span aria-hidden="true">★</span></div><div class="rating-stars__stars rating-stars__stars--bottom" aria-hidden="true"><span aria-hidden="true">☆</span><span aria-hidden="true">☆</span><span aria-hidden="true">☆</span><span aria-hidden="true">☆</span><span aria-hidden="true">☆</span></div></div><span class="co-product__review-count" aria-hidden="true">(41)</span></button></div><div class="co-item__bundled-item-count-container"></div><div class="co-item__promo-container co-item__promo-container--rest-in-shelf"></div><ul><div class="co-item__icon-list-container"><ul class="co-product__promo-icon-list co-item__promo-icon-list co-item__promo-icon-list--list-position"><li class="co-product__promo-icon-item"><div class="co-product__promo-icon-image-cntr"><button data-auto-id="btnPromo" type="button" class="asda-btn asda-btn--plain co-product__promo-icon-button" aria-label="show information on M&amp;S Taste Match"><picture class="asda-image picture"><source srcset="https://ui.assets-asda.com/dm/M-S-Taste-Match-Icon?$Icon-wapp2x$=&amp;qlt=50"><img alt="M&amp;S Taste Match" class="asda-img asda-image co-product__promo-icon-img" data-auto-id="" src="https://ui.assets-asda.com/dm/M-S-Taste-Match-Icon?$Icon-wapp2x$=&amp;qlt=50" loading="lazy" title="M&amp;S Taste Match"></picture></button></div></li></ul></div></ul></div><div class="co-item__col3 co-item__col3--rest-in-shelf"><div class="co-item__price-container co-item__price-container--rest-in-shelf"><span class="co-item__price-per-uom"><strong class="co-product__price"><span class="co-product__hidden-label"> now </span>£6.25</strong><p class="co-item__price-per-uom-msg"><span class="co-product__price-per-uom">(£3.91/kg)</span></p></span></div><div class="co-item__quantity-container co-item__quantity-container--rest-in-shelf"><div class="co-item__quantity-container"><div class="quantity-button"><div class="add-button-with-tooltip"><div class="tooltip-wrapper"><button data-auto-id="btnAdd" type="button" class="asda-btn asda-btn--primary asda-btn--fluid add-button" aria-label="Add item ASDA Classic Pork, Sage and Onion Stuffed Large Chicken to cart" data-di-id="di-id-bd5e14ce-b3d9e896">Add</button></div></div></div></div></div></div><div class="co-item__col4"><a class="asda-link asda-link--primary" data-auto-id="linkViewTheShelf" target="_self" href="/shelf/meat-poultry-fish/meat-poultry/chicken-turkey/whole-chickens/1215135760597-910000975206-910000975462-910000976537" data-di-id="di-id-f36189d6-9d5b7a59">View the shelf</a></div></div></div></li><li class=" co-item co-item--rest-in-shelf " style="order: 6;"><div><div class="co-product"><div class="co-item__col1 co-item__col1--rest-in-shelf"><button type="button" data-auto-id="linkProductImage" class="asda-link asda-link--primary asda-link--button" aria-disabled="false"><div class="thumbnail__image-container co-product__image co-product__image--rest-in-shelf co-item__image"><picture class="asda-image picture"><source type="image/webp" srcset="https://ui.assets-asda.com/dm/asdagroceries/5057172191048?$ProdList2x$=&amp;fmt=webp&amp;qlt=50"><img alt="ASDA Extra Special Yorkshire Bred Pork Loin Crackling Joint Boneless Rind-On" class="asda-img asda-image thumbnail__image" data-auto-id="" src="https://ui.assets-asda.com/dm/asdagroceries/5057172191048?$ProdList2x$=&amp;fmt=jpg&amp;qlt=50" loading="lazy" title="ASDA Extra Special Yorkshire Bred Pork Loin Crackling Joint Boneless Rind-On"></picture></div></button><div class="co-item__items-container"><div class="co-item-fsl__favourites-image-container co-item__items" role="presentation" data-auto-id="favouritesAndShoppingList"><div class="context-wrapper"><button data-auto-id="" type="button" class="asda-btn asda-btn--plain asda-btn--icon co-item-fsl__favourites-button" aria-label="options for favourite shopping list" aria-expanded="false"><span role="img" data-auto-id="" class="asda-icon asda-icon--white asda-icon--regular asda-icon--rotate0 co-item-fsl__favourites-image co-item__items"><svg viewBox="0 0 35 23" xmlns="http://www.w3.org/2000/svg" xmlns:xlink="http://www.w3.org/1999/xlink" data-di-res-id="2ef1adb6-87a26d64" data-di-rand="1700859408945"><defs><path id="asda_fav_list_1" d="M7.02 2C7 2.344 7 2.685 7 3h6c0-.315 0-.656-.02-1H18c1 0 2 .784 2 1.667v17.667C20 22.167 19 23 18 23H2c-1 0-2-.833-2-1.666V3.667C0 2.833 1 2 2 2h5.02zM12 2H8c0-1 1-2 2-2s2 1 2 2zM7 17v2h10v-2H7zm-4-5v2h2v-2H3zm0-5v2h2V7H3zm0 10v2h2v-2H3zm4-5v2h10v-2H7zm0-5v2h10V7H7z"></path><path id="asda_fav_list_2" d="M24 21c-1.818-1.8-10-7.65-10-12.6C14 5.7 15.818 3 19 3c2 0 4 .82 5 3.295C25 3.82 27 3 29 3c3.182 0 5 2.7 5 5.4 0 4.95-8.182 10.8-10 12.6z"></path></defs><g class="asda-icon__draw" fill="none" fill-rule="evenodd"><use fill="#3d3d3d" xlink:href="#asda_fav_list_1"></use><use class="asda-icon__draw" fill="#FFF" stroke="#3d3d3d" stroke-width="1.9" xlink:href="#asda_fav_list_2"></use></g></svg></span></button></div></div><div class="co-item__volume-container co-item__items"><span class="co-product__volume co-item__volume">700g      </span></div></div></div><div class="co-item__col2 co-item__col2--rest-in-shelf co-item__col2--has-icon-list"><div class="co-item__title-container co-item__title-container--rest-in-shelf"><h3 class="co-product__title"><a class="co-product__anchor" data-auto-id="linkProductTitle" href="/product/pork-joints/asda-extra-special-yorkshire-bred-pork-loin-crackling-joint-boneless-rind-on/1000155194967" data-di-id="di-id-eb71d82b-7fc58c99">ASDA Extra Special Yorkshire Bred Pork Loin Crackling Joint Boneless Rind-On</a></h3></div><div class="co-item__rating-container"><button type="button" data-auto-id="linkProductRating" class="asda-link asda-link--primary asda-link--button co-product__rating" aria-disabled="false" aria-label="3.75 stars out of 5 based on 50+ reviews, you will be taken to the reviews on clicking this" data-di-id="di-id-f9fe053c-665ea5f8"><div class="rating-stars rating-stars--windows"><div class="rating-stars__stars rating-stars__stars--top" aria-hidden="true" style="width: 75%;"><span aria-hidden="true">★</span><span aria-hidden="true">★</span><span aria-hidden="true">★</span><span aria-hidden="true">★</span><span aria-hidden="true">★</span></div><div class="rating-stars__stars rating-stars__stars--bottom" aria-hidden="true"><span aria-hidden="true">☆</span><span aria-hidden="true">☆</span><span aria-hidden="true">☆</span><span aria-hidden="true">☆</span><span aria-hidden="true">☆</span></div></div><span class="co-product__review-count" aria-hidden="true">(50+)</span></button></div><div class="co-item__bundled-item-count-container"></div><div class="co-item__promo-container co-item__promo-container--rest-in-shelf"></div><ul><div class="co-item__icon-list-container"><ul class="co-product__promo-icon-list co-item__promo-icon-list co-item__promo-icon-list--list-position"><li class="co-product__promo-icon-item"><div class="co-product__promo-icon-image-cntr"><button data-auto-id="btnPromo" type="button" class="asda-btn asda-btn--plain co-product__promo-icon-button" aria-label="show information on Typically fresh for 5 days"><picture class="asda-image picture"><source srcset="https://ui.assets-asda.com/dm/produce-5-days-icon?$Icon-wapp2x$=&amp;qlt=50"><img alt="Typically fresh for 5 days" class="asda-img asda-image co-product__promo-icon-img" data-auto-id="" src="https://ui.assets-asda.com/dm/produce-5-days-icon?$Icon-wapp2x$=&amp;qlt=50" loading="lazy" title="Typically fresh for 5 days"></picture></button></div></li></ul></div></ul></div><div class="co-item__col3 co-item__col3--rest-in-shelf"><div class="co-item__price-container co-item__price-container--rest-in-shelf"><span class="co-item__price-per-uom"><strong class="co-product__price"><span class="co-product__hidden-label"> now </span>£6.00</strong><p class="co-item__price-per-uom-msg"><span class="co-product__price-per-uom">(£8.57/kg)</span></p></span></div><div class="co-item__quantity-container co-item__quantity-container--rest-in-shelf"><div class="co-item__quantity-container"><div class="quantity-button"><div class="add-button-with-tooltip"><div class="tooltip-wrapper"><button data-auto-id="btnAdd" type="button" class="asda-btn asda-btn--primary asda-btn--fluid add-button" aria-label="Add item ASDA Extra Special Yorkshire Bred Pork Loin Crackling Joint Boneless Rind-On to cart" data-di-id="di-id-bd5e14ce-b3d9e896">Add</button></div></div></div></div></div></div><div class="co-item__col4"><a class="asda-link asda-link--primary" data-auto-id="linkViewTheShelf" target="_self" href="/shelf/meat-poultry-fish/meat-poultry/pork/pork-joints/1215135760597-910000975206-910000975676-910000976683" data-di-id="di-id-98f4d5b1-4fe12bbb">View the shelf</a></div></div></div></li><li class=" co-item co-item--rest-in-shelf " style="order: 7;"><div><div class="co-product"><div class="co-item__col1 co-item__col1--rest-in-shelf"><button type="button" data-auto-id="linkProductImage" class="asda-link asda-link--primary asda-link--button" aria-disabled="false"><div class="thumbnail__image-container co-product__image co-product__image--rest-in-shelf co-item__image"><picture class="asda-image picture"><source type="image/webp" srcset="https://ui.assets-asda.com/dm/asdagroceries/5057172191031?$ProdList2x$=&amp;fmt=webp&amp;qlt=50"><img alt="ASDA Extra Special Yorkshire Bred Triple Pepper Pork Loin Joint" class="asda-img asda-image thumbnail__image" data-auto-id="" src="https://ui.assets-asda.com/dm/asdagroceries/5057172191031?$ProdList2x$=&amp;fmt=jpg&amp;qlt=50" loading="lazy" title="ASDA Extra Special Yorkshire Bred Triple Pepper Pork Loin Joint"></picture></div></button><div class="co-item__items-container"><div class="co-item-fsl__favourites-image-container co-item__items" role="presentation" data-auto-id="favouritesAndShoppingList"><div class="context-wrapper"><button data-auto-id="" type="button" class="asda-btn asda-btn--plain asda-btn--icon co-item-fsl__favourites-button" aria-label="options for favourite shopping list" aria-expanded="false"><span role="img" data-auto-id="" class="asda-icon asda-icon--white asda-icon--regular asda-icon--rotate0 co-item-fsl__favourites-image co-item__items"><svg viewBox="0 0 35 23" xmlns="http://www.w3.org/2000/svg" xmlns:xlink="http://www.w3.org/1999/xlink" data-di-res-id="ac376b55-b1fb1c01" data-di-rand="1700859408947"><defs><path id="asda_fav_list_1" d="M7.02 2C7 2.344 7 2.685 7 3h6c0-.315 0-.656-.02-1H18c1 0 2 .784 2 1.667v17.667C20 22.167 19 23 18 23H2c-1 0-2-.833-2-1.666V3.667C0 2.833 1 2 2 2h5.02zM12 2H8c0-1 1-2 2-2s2 1 2 2zM7 17v2h10v-2H7zm-4-5v2h2v-2H3zm0-5v2h2V7H3zm0 10v2h2v-2H3zm4-5v2h10v-2H7zm0-5v2h10V7H7z"></path><path id="asda_fav_list_2" d="M24 21c-1.818-1.8-10-7.65-10-12.6C14 5.7 15.818 3 19 3c2 0 4 .82 5 3.295C25 3.82 27 3 29 3c3.182 0 5 2.7 5 5.4 0 4.95-8.182 10.8-10 12.6z"></path></defs><g class="asda-icon__draw" fill="none" fill-rule="evenodd"><use fill="#3d3d3d" xlink:href="#asda_fav_list_1"></use><use class="asda-icon__draw" fill="#FFF" stroke="#3d3d3d" stroke-width="1.9" xlink:href="#asda_fav_list_2"></use></g></svg></span></button></div></div><div class="co-item__volume-container co-item__items"><span class="co-product__volume co-item__volume">700g      </span></div></div></div><div class="co-item__col2 co-item__col2--rest-in-shelf co-item__col2--has-icon-list"><div class="co-item__title-container co-item__title-container--rest-in-shelf"><h3 class="co-product__title"><a class="co-product__anchor" data-auto-id="linkProductTitle" href="/product/pork-joints/asda-extra-special-yorkshire-bred-triple-pepper-pork-loin-joint/1000155194965" data-di-id="di-id-eba15298-601bf0c4">ASDA Extra Special Yorkshire Bred Triple Pepper Pork Loin Joint</a></h3></div><div class="co-item__rating-container"><button type="button" data-auto-id="linkProductRating" class="asda-link asda-link--primary asda-link--button co-product__rating" aria-disabled="false" aria-label="4.21 stars out of 5 based on 50+ reviews, you will be taken to the reviews on clicking this" data-di-id="di-id-f9fe053c-665ea5f8"><div class="rating-stars rating-stars--windows"><div class="rating-stars__stars rating-stars__stars--top" aria-hidden="true" style="width: 84.2%;"><span aria-hidden="true">★</span><span aria-hidden="true">★</span><span aria-hidden="true">★</span><span aria-hidden="true">★</span><span aria-hidden="true">★</span></div><div class="rating-stars__stars rating-stars__stars--bottom" aria-hidden="true"><span aria-hidden="true">☆</span><span aria-hidden="true">☆</span><span aria-hidden="true">☆</span><span aria-hidden="true">☆</span><span aria-hidden="true">☆</span></div></div><span class="co-product__review-count" aria-hidden="true">(50+)</span></button></div><div class="co-item__bundled-item-count-container"></div><div class="co-item__promo-container co-item__promo-container--rest-in-shelf"></div><ul><div class="co-item__icon-list-container"><ul class="co-product__promo-icon-list co-item__promo-icon-list co-item__promo-icon-list--list-position"><li class="co-product__promo-icon-item"><div class="co-product__promo-icon-image-cntr"><button data-auto-id="btnPromo" type="button" class="asda-btn asda-btn--plain co-product__promo-icon-button" aria-label="show information on Typically fresh for 5 days"><picture class="asda-image picture"><source srcset="https://ui.assets-asda.com/dm/produce-5-days-icon?$Icon-wapp2x$=&amp;qlt=50"><img alt="Typically fresh for 5 days" class="asda-img asda-image co-product__promo-icon-img" data-auto-id="" src="https://ui.assets-asda.com/dm/produce-5-days-icon?$Icon-wapp2x$=&amp;qlt=50" loading="lazy" title="Typically fresh for 5 days"></picture></button></div></li></ul></div></ul></div><div class="co-item__col3 co-item__col3--rest-in-shelf"><div class="co-item__price-container co-item__price-container--rest-in-shelf"><span class="co-item__price-per-uom"><strong class="co-product__price"><span class="co-product__hidden-label"> now </span>£6.00</strong><p class="co-item__price-per-uom-msg"><span class="co-product__price-per-uom">(£8.57/kg)</span></p></span></div><div class="co-item__quantity-container co-item__quantity-container--rest-in-shelf"><div class="co-item__quantity-container"><div class="quantity-button"><div class="add-button-with-tooltip"><div class="tooltip-wrapper"><button data-auto-id="btnAdd" type="button" class="asda-btn asda-btn--primary asda-btn--fluid add-button" aria-label="Add item ASDA Extra Special Yorkshire Bred Triple Pepper Pork Loin Joint to cart" data-di-id="di-id-bd5e14ce-b3d9e896">Add</button></div></div></div></div></div></div><div class="co-item__col4"><a class="asda-link asda-link--primary" data-auto-id="linkViewTheShelf" target="_self" href="/shelf/meat-poultry-fish/meat-poultry/pork/pork-joints/1215135760597-910000975206-910000975676-910000976683" data-di-id="di-id-98f4d5b1-4fe12bbb">View the shelf</a></div></div></div></li><li class=" co-item co-item--rest-in-shelf " style="order: 8;"><div><div class="co-product"><div class="co-item__col1 co-item__col1--rest-in-shelf"><button type="button" data-auto-id="linkProductImage" class="asda-link asda-link--primary asda-link--button" aria-disabled="false"><div class="thumbnail__image-container co-product__image co-product__image--rest-in-shelf co-item__image"><picture class="asda-image picture"><source type="image/webp" srcset="https://ui.assets-asda.com/dm/asdagroceries/5052449319736?$ProdList2x$=&amp;fmt=webp&amp;qlt=50"><img alt="ASDA Butcher's Selection Unsmoked Gammon Joint" class="asda-img asda-image thumbnail__image" data-auto-id="" src="https://ui.assets-asda.com/dm/asdagroceries/5052449319736?$ProdList2x$=&amp;fmt=jpg&amp;qlt=50" loading="lazy" title="ASDA Butcher's Selection Unsmoked Gammon Joint"></picture></div></button><div class="co-item__items-container"><div class="co-item-fsl__favourites-image-container co-item__items" role="presentation" data-auto-id="favouritesAndShoppingList"><div class="context-wrapper"><button data-auto-id="" type="button" class="asda-btn asda-btn--plain asda-btn--icon co-item-fsl__favourites-button" aria-label="options for favourite shopping list" aria-expanded="false"><span role="img" data-auto-id="" class="asda-icon asda-icon--white asda-icon--regular asda-icon--rotate0 co-item-fsl__favourites-image co-item__items"><svg viewBox="0 0 35 23" xmlns="http://www.w3.org/2000/svg" xmlns:xlink="http://www.w3.org/1999/xlink" data-di-res-id="dc9b756b-3b7acd86" data-di-rand="1700859408948"><defs><path id="asda_fav_list_1" d="M7.02 2C7 2.344 7 2.685 7 3h6c0-.315 0-.656-.02-1H18c1 0 2 .784 2 1.667v17.667C20 22.167 19 23 18 23H2c-1 0-2-.833-2-1.666V3.667C0 2.833 1 2 2 2h5.02zM12 2H8c0-1 1-2 2-2s2 1 2 2zM7 17v2h10v-2H7zm-4-5v2h2v-2H3zm0-5v2h2V7H3zm0 10v2h2v-2H3zm4-5v2h10v-2H7zm0-5v2h10V7H7z"></path><path id="asda_fav_list_2" d="M24 21c-1.818-1.8-10-7.65-10-12.6C14 5.7 15.818 3 19 3c2 0 4 .82 5 3.295C25 3.82 27 3 29 3c3.182 0 5 2.7 5 5.4 0 4.95-8.182 10.8-10 12.6z"></path></defs><g class="asda-icon__draw" fill="none" fill-rule="evenodd"><use fill="#3d3d3d" xlink:href="#asda_fav_list_1"></use><use class="asda-icon__draw" fill="#FFF" stroke="#3d3d3d" stroke-width="1.9" xlink:href="#asda_fav_list_2"></use></g></svg></span></button></div></div><div class="co-item__volume-container co-item__items"><span class="co-product__volume co-item__volume">2.7kg     </span></div></div></div><div class="co-item__col2 co-item__col2--rest-in-shelf co-item__col2--has-icon-list"><div class="co-item__title-container co-item__title-container--rest-in-shelf"><h3 class="co-product__title"><a class="co-product__anchor" data-auto-id="linkProductTitle" href="/product/gammon/asda-butchers-selection-unsmoked-gammon-joint/910000495884" data-di-id="di-id-c3dae7b7-3221aa36">ASDA Butcher's Selection Unsmoked Gammon Joint</a></h3></div><div class="co-item__rating-container"><button type="button" data-auto-id="linkProductRating" class="asda-link asda-link--primary asda-link--button co-product__rating" aria-disabled="false" aria-label="4.22 stars out of 5 based on 18 reviews, you will be taken to the reviews on clicking this" data-di-id="di-id-f9fe053c-762a012d"><div class="rating-stars rating-stars--windows"><div class="rating-stars__stars rating-stars__stars--top" aria-hidden="true" style="width: 84.4%;"><span aria-hidden="true">★</span><span aria-hidden="true">★</span><span aria-hidden="true">★</span><span aria-hidden="true">★</span><span aria-hidden="true">★</span></div><div class="rating-stars__stars rating-stars__stars--bottom" aria-hidden="true"><span aria-hidden="true">☆</span><span aria-hidden="true">☆</span><span aria-hidden="true">☆</span><span aria-hidden="true">☆</span><span aria-hidden="true">☆</span></div></div><span class="co-product__review-count" aria-hidden="true">(18)</span></button></div><div class="co-item__bundled-item-count-container"></div><div class="co-item__promo-container co-item__promo-container--rest-in-shelf"></div><ul><div class="co-item__icon-list-container"><ul class="co-product__promo-icon-list co-item__promo-icon-list co-item__promo-icon-list--list-position"><li class="co-product__promo-icon-item"><div class="co-product__promo-icon-image-cntr"><button data-auto-id="btnPromo" type="button" class="asda-btn asda-btn--plain co-product__promo-icon-button" aria-label="show information on Serves up to 14"><picture class="asda-image picture"><source srcset="https://ui.assets-asda.com/dm/icon_servesupto?$serves=14&amp;$Icon-wapp2x$=&amp;qlt=50"><img alt="Serves up to 14" class="asda-img asda-image co-product__promo-icon-img" data-auto-id="" src="https://ui.assets-asda.com/dm/icon_servesupto?$serves=14&amp;$Icon-wapp2x$=&amp;qlt=50" loading="lazy" title="Serves up to 14"></picture></button></div></li></ul></div></ul></div><div class="co-item__col3 co-item__col3--rest-in-shelf"><div class="co-item__price-container co-item__price-container--rest-in-shelf"><span class="co-item__price-per-uom"><strong class="co-product__price"><span class="co-product__hidden-label"> now </span>£16.00</strong><p class="co-item__price-per-uom-msg"><span class="co-product__price-per-uom">(£5.93/kg)</span></p></span></div><div class="co-item__quantity-container co-item__quantity-container--rest-in-shelf"><div class="co-item__quantity-container"><div class="quantity-button"><div class="add-button-with-tooltip"><div class="tooltip-wrapper"><button data-auto-id="btnAdd" type="button" class="asda-btn asda-btn--primary asda-btn--fluid add-button" aria-label="Add item ASDA Butcher's Selection Unsmoked Gammon Joint to cart" data-di-id="di-id-bd5e14ce-b3d9e896">Add</button></div></div></div></div></div></div><div class="co-item__col4"><a class="asda-link asda-link--primary" data-auto-id="linkViewTheShelf" target="_self" href="/shelf/meat-poultry-fish/meat-poultry/bacon-sausages-gammon/gammon/1215135760597-910000975206-910000975529-910000977100" data-di-id="di-id-f36189d6-d71e1149">View the shelf</a></div></div></div></li><li class=" co-item co-item--rest-in-shelf " style="order: 9;"><div><div class="co-product"><div class="co-item__col1 co-item__col1--rest-in-shelf"><button type="button" data-auto-id="linkProductImage" class="asda-link asda-link--primary asda-link--button" aria-disabled="false"><div class="thumbnail__image-container co-product__image co-product__image--rest-in-shelf co-item__image"><picture class="asda-image picture"><source type="image/webp" srcset="https://ui.assets-asda.com/dm/asdagroceries/5025514004332?$ProdList2x$=&amp;fmt=webp&amp;qlt=50"><img alt="Dicksons Pork Sausage Meat" class="asda-img asda-image thumbnail__image" data-auto-id="" src="https://ui.assets-asda.com/dm/asdagroceries/5025514004332?$ProdList2x$=&amp;fmt=jpg&amp;qlt=50" loading="lazy" title="Dicksons Pork Sausage Meat"></picture></div></button><div class="co-item__items-container"><div class="co-item-fsl__favourites-image-container co-item__items" role="presentation" data-auto-id="favouritesAndShoppingList"><div class="context-wrapper"><button data-auto-id="" type="button" class="asda-btn asda-btn--plain asda-btn--icon co-item-fsl__favourites-button" aria-label="options for favourite shopping list" aria-expanded="false"><span role="img" data-auto-id="" class="asda-icon asda-icon--white asda-icon--regular asda-icon--rotate0 co-item-fsl__favourites-image co-item__items"><svg viewBox="0 0 35 23" xmlns="http://www.w3.org/2000/svg" xmlns:xlink="http://www.w3.org/1999/xlink" data-di-res-id="6427120e-cd58e0ac" data-di-rand="1700859408949"><defs><path id="asda_fav_list_1" d="M7.02 2C7 2.344 7 2.685 7 3h6c0-.315 0-.656-.02-1H18c1 0 2 .784 2 1.667v17.667C20 22.167 19 23 18 23H2c-1 0-2-.833-2-1.666V3.667C0 2.833 1 2 2 2h5.02zM12 2H8c0-1 1-2 2-2s2 1 2 2zM7 17v2h10v-2H7zm-4-5v2h2v-2H3zm0-5v2h2V7H3zm0 10v2h2v-2H3zm4-5v2h10v-2H7zm0-5v2h10V7H7z"></path><path id="asda_fav_list_2" d="M24 21c-1.818-1.8-10-7.65-10-12.6C14 5.7 15.818 3 19 3c2 0 4 .82 5 3.295C25 3.82 27 3 29 3c3.182 0 5 2.7 5 5.4 0 4.95-8.182 10.8-10 12.6z"></path></defs><g class="asda-icon__draw" fill="none" fill-rule="evenodd"><use fill="#3d3d3d" xlink:href="#asda_fav_list_1"></use><use class="asda-icon__draw" fill="#FFF" stroke="#3d3d3d" stroke-width="1.9" xlink:href="#asda_fav_list_2"></use></g></svg></span></button></div></div><div class="co-item__volume-container co-item__items"><span class="co-product__volume co-item__volume">400g      </span></div></div></div><div class="co-item__col2 co-item__col2--rest-in-shelf co-item__col2--has-icon-list"><div class="co-item__title-container co-item__title-container--rest-in-shelf"><h3 class="co-product__title"><a class="co-product__anchor" data-auto-id="linkProductTitle" href="/product/sausages/dicksons-pork-sausage-meat/910001216167" data-di-id="di-id-9c1e11f7-d201ed48">Dicksons Pork Sausage Meat</a></h3></div><div class="co-item__rating-container"><button type="button" data-auto-id="linkProductRating" class="asda-link asda-link--primary asda-link--button co-product__rating" aria-disabled="false" aria-label="3.6 stars out of 5 based on 5 reviews, you will be taken to the reviews on clicking this" data-di-id="di-id-48b023cf-9b4cfd04"><div class="rating-stars rating-stars--windows"><div class="rating-stars__stars rating-stars__stars--top" aria-hidden="true" style="width: 72%;"><span aria-hidden="true">★</span><span aria-hidden="true">★</span><span aria-hidden="true">★</span><span aria-hidden="true">★</span><span aria-hidden="true">★</span></div><div class="rating-stars__stars rating-stars__stars--bottom" aria-hidden="true"><span aria-hidden="true">☆</span><span aria-hidden="true">☆</span><span aria-hidden="true">☆</span><span aria-hidden="true">☆</span><span aria-hidden="true">☆</span></div></div><span class="co-product__review-count" aria-hidden="true">(5)</span></button></div><div class="co-item__bundled-item-count-container"></div><div class="co-item__promo-container co-item__promo-container--rest-in-shelf"></div><ul><div class="co-item__icon-list-container"><ul class="co-product__promo-icon-list co-item__promo-icon-list co-item__promo-icon-list--list-position"><li class="co-product__promo-icon-item"><div class="co-product__promo-icon-image-cntr"><button data-auto-id="btnPromo" type="button" class="asda-btn asda-btn--plain co-product__promo-icon-button" aria-label="show information on Typically fresh for 8 days"><picture class="asda-image picture"><source srcset="https://ui.assets-asda.com/dm/produce-8-days-icon?$Icon-wapp2x$=&amp;qlt=50"><img alt="Typically fresh for 8 days" class="asda-img asda-image co-product__promo-icon-img" data-auto-id="" src="https://ui.assets-asda.com/dm/produce-8-days-icon?$Icon-wapp2x$=&amp;qlt=50" loading="lazy" title="Typically fresh for 8 days"></picture></button></div></li></ul></div></ul></div><div class="co-item__col3 co-item__col3--rest-in-shelf"><div class="co-item__price-container co-item__price-container--rest-in-shelf"><span class="co-item__price-per-uom"><strong class="co-product__price"><span class="co-product__hidden-label"> now </span>£3.00</strong><p class="co-item__price-per-uom-msg"><span class="co-product__price-per-uom">(£7.50/kg)</span></p></span></div><div class="co-item__quantity-container co-item__quantity-container--rest-in-shelf"><div class="co-item__quantity-container"><div class="quantity-button"><div class="add-button-with-tooltip"><div class="tooltip-wrapper"><button data-auto-id="btnAdd" type="button" class="asda-btn asda-btn--primary asda-btn--fluid add-button" aria-label="Add item Dicksons Pork Sausage Meat to cart" data-di-id="di-id-bd5e14ce-b3d9e896">Add</button></div></div></div></div></div></div><div class="co-item__col4"><a class="asda-link asda-link--primary" data-auto-id="linkViewTheShelf" target="_self" href="/shelf/meat-poultry-fish/meat-poultry/bacon-sausages-gammon/sausages/1215135760597-910000975206-910000975529-1215665252350" data-di-id="di-id-80996c32-6b5533bf">View the shelf</a></div></div></div></li><li class=" co-item co-item--rest-in-shelf " style="order: 10;"><div><div class="co-product"><div class="co-item__col1 co-item__col1--rest-in-shelf"><button type="button" data-auto-id="linkProductImage" class="asda-link asda-link--primary asda-link--button" aria-disabled="false"><div class="thumbnail__image-container co-product__image co-product__image--rest-in-shelf co-item__image"><picture class="asda-image picture"><source type="image/webp" srcset="https://ui.assets-asda.com/dm/asdagroceries/5057172106172?$ProdList2x$=&amp;fmt=webp&amp;qlt=50"><img alt="ASDA Hearty Fish Pie Mix" class="asda-img asda-image thumbnail__image" data-auto-id="" src="https://ui.assets-asda.com/dm/asdagroceries/5057172106172?$ProdList2x$=&amp;fmt=jpg&amp;qlt=50" loading="lazy" title="ASDA Hearty Fish Pie Mix"></picture></div></button><div class="co-item__items-container"><div class="co-item-fsl__favourites-image-container co-item__items" role="presentation" data-auto-id="favouritesAndShoppingList"><div class="context-wrapper"><button data-auto-id="" type="button" class="asda-btn asda-btn--plain asda-btn--icon co-item-fsl__favourites-button" aria-label="options for favourite shopping list" aria-expanded="false"><span role="img" data-auto-id="" class="asda-icon asda-icon--white asda-icon--regular asda-icon--rotate0 co-item-fsl__favourites-image co-item__items"><svg viewBox="0 0 35 23" xmlns="http://www.w3.org/2000/svg" xmlns:xlink="http://www.w3.org/1999/xlink" data-di-res-id="9cf31351-6734568b" data-di-rand="1700859408951"><defs><path id="asda_fav_list_1" d="M7.02 2C7 2.344 7 2.685 7 3h6c0-.315 0-.656-.02-1H18c1 0 2 .784 2 1.667v17.667C20 22.167 19 23 18 23H2c-1 0-2-.833-2-1.666V3.667C0 2.833 1 2 2 2h5.02zM12 2H8c0-1 1-2 2-2s2 1 2 2zM7 17v2h10v-2H7zm-4-5v2h2v-2H3zm0-5v2h2V7H3zm0 10v2h2v-2H3zm4-5v2h10v-2H7zm0-5v2h10V7H7z"></path><path id="asda_fav_list_2" d="M24 21c-1.818-1.8-10-7.65-10-12.6C14 5.7 15.818 3 19 3c2 0 4 .82 5 3.295C25 3.82 27 3 29 3c3.182 0 5 2.7 5 5.4 0 4.95-8.182 10.8-10 12.6z"></path></defs><g class="asda-icon__draw" fill="none" fill-rule="evenodd"><use fill="#3d3d3d" xlink:href="#asda_fav_list_1"></use><use class="asda-icon__draw" fill="#FFF" stroke="#3d3d3d" stroke-width="1.9" xlink:href="#asda_fav_list_2"></use></g></svg></span></button></div></div><div class="co-item__volume-container co-item__items"><span class="co-product__volume co-item__volume">340g      </span></div></div></div><div class="co-item__col2 co-item__col2--rest-in-shelf co-item__col2--has-icon-list"><div class="co-item__title-container co-item__title-container--rest-in-shelf"><h3 class="co-product__title"><a class="co-product__anchor" data-auto-id="linkProductTitle" href="/product/cod-haddock-white-fish/asda-hearty-fish-pie-mix/1000116808347" data-di-id="di-id-da561fed-b08efbcd">ASDA Hearty Fish Pie Mix</a></h3></div><div class="co-item__rating-container"><button type="button" data-auto-id="linkProductRating" class="asda-link asda-link--primary asda-link--button co-product__rating" aria-disabled="false" aria-label="4.02 stars out of 5 based on 50+ reviews, you will be taken to the reviews on clicking this" data-di-id="di-id-f9fe053c-665ea5f8"><div class="rating-stars rating-stars--windows"><div class="rating-stars__stars rating-stars__stars--top" aria-hidden="true" style="width: 80.4%;"><span aria-hidden="true">★</span><span aria-hidden="true">★</span><span aria-hidden="true">★</span><span aria-hidden="true">★</span><span aria-hidden="true">★</span></div><div class="rating-stars__stars rating-stars__stars--bottom" aria-hidden="true"><span aria-hidden="true">☆</span><span aria-hidden="true">☆</span><span aria-hidden="true">☆</span><span aria-hidden="true">☆</span><span aria-hidden="true">☆</span></div></div><span class="co-product__review-count" aria-hidden="true">(50+)</span></button></div><div class="co-item__bundled-item-count-container"></div><div class="co-item__promo-container co-item__promo-container--rest-in-shelf"><span data-auto-id="secondaryPromoBanner" class="co-product__promo co-product__promo--staying-back co-product__promo--rest-in-shelf" title="Price Dropped"><span class="co-product__promo-text"><span role="img" data-auto-id="" class="asda-icon asda-icon--charcoal asda-icon--regular asda-icon--rotate0 asda-icon--brand"><svg version="1.1" id="PriceDrop_x5F_Flash_xA0_Image_00000163058657618685786750000014984843253156226455_" xmlns="http://www.w3.org/2000/svg" xmlns:xlink="http://www.w3.org/1999/xlink" x="0px" y="0px" viewBox="0 0 500 134.5" style="enable-background:new 0 0 500 134.5;" xml:space="preserve" data-di-res-id="8e46bcbf-ae641f02" data-di-rand="1700859408952"><style type="text/css"> .st0{fill:#D33030;} .st1{fill:#FEFCFC;} .st2{fill:#FEFDFD;} .st3{fill:#FDF7F7;} .st4{fill:#FDF8F8;} .st5{fill:#FCF7F7;} .st6{fill:#D43232;} .st7{fill:#D33131;} .st8{fill:#D43535;} </style><g><path class="st0" d="M476.98,134.45c-151.66,0-303.31,0-454.97,0c-0.19-0.47-0.64-0.44-1.03-0.54 c-10.53-2.81-17.3-9.41-20.21-19.91c-0.14-0.5,0.01-1.22-0.74-1.44c0-30.03,0-60.06,0-90.09c0.81-0.29,0.67-1.11,0.81-1.68 C3.58,9.27,14.81,0.47,27.68,0.48c148.29,0.13,296.59,0.08,444.88,0.08c14.88,0,26.83,11.76,26.87,26.63 c0.06,26.87,0.05,53.74,0,80.61c-0.02,11.62-7.47,21.75-18.52,25.41C479.61,133.65,478.29,134.04,476.98,134.45z M417.3,83.86 c-0.17-9.5-4.22-17.88-12.47-24.05c-8.49-6.34-18.14-7.88-28.39-5.98c-23.24,4.31-34.09,31.29-19.85,49.71 c8.14,10.53,19.34,13.97,32.32,12.48C404.94,114.19,417.31,100.51,417.3,83.86z M266.78,57.78c0,9.53,0.06,19.06-0.05,28.59 c-0.02,2.02,0.61,2.47,2.52,2.44c7.15-0.1,14.3-0.06,21.45-0.04c4.27,0.01,8.46-0.49,12.56-1.66c26.7-7.67,26.97-38.54,13.68-50.72 c-6.44-5.9-14.17-8.58-22.69-8.9c-8.39-0.32-16.8-0.06-25.19-0.19c-1.93-0.03-2.33,0.57-2.32,2.38 C266.83,39.05,266.78,48.42,266.78,57.78z M31.91,58.04c0,9.45,0.06,18.9-0.05,28.34c-0.02,2.01,0.59,2.49,2.5,2.43 c4.15-0.14,8.32-0.14,12.47,0c1.82,0.06,2.21-0.57,2.16-2.25c-0.12-4.22,0.07-8.46-0.09-12.68c-0.08-2.01,0.4-2.7,2.55-2.64 c4.31,0.12,8.63,0.21,12.94-0.48c13.74-2.22,21.33-12.67,19-26.25c-1.52-8.86-9.09-15.46-19.38-16.53 c-10.19-1.06-20.44-0.22-30.66-0.47c-1.83-0.05-1.43,1.2-1.43,2.19C31.9,39.15,31.91,48.59,31.91,58.04z M432.02,83.33 c9.87,10.39,24.07,7.09,30.43-1.4c6.83-9.12,6.91-24.53,0.08-33.64c-7.04-9.4-21.75-11.25-29.49-1.91 c-0.19,0.23-0.43,0.41-1.02,0.96c0-1.6-0.11-2.73,0.02-3.84c0.2-1.72-0.37-2.29-2.16-2.23c-4.16,0.14-8.32,0.12-12.48,0.01 c-1.74-0.05-2.26,0.46-2.24,2.21c0.09,6.96,0.04,13.93,0.03,20.89c0,0.93,0.17,1.75,0.65,2.59c6.36,11.26,6.58,22.68,0.67,34.16 c-0.82,1.59-0.33,1.79,1.14,1.78c4.08-0.04,8.16-0.1,12.23,0.02c1.81,0.06,2.2-0.59,2.18-2.27 C431.96,95.04,432.02,89.41,432.02,83.33z M225.73,69.75c3.25,0,6.49,0,9.74,0c6.67,0,6.67,0,6.27-6.71 c-0.64-10.64-6.96-19.08-16.19-21.64c-18.93-5.24-35.24,10.34-30.99,29.61c2.66,12.07,13.01,19.57,25.96,18.94 c7.23-0.35,13.42-2.83,18.36-8.23c0.91-1,1.07-1.61-0.13-2.53c-2.32-1.76-4.56-3.61-6.73-5.55c-1-0.89-1.59-0.72-2.47,0.11 c-1.58,1.5-3.44,2.6-5.55,3.22c-5.84,1.71-11.52-0.67-13.42-5.53c-0.54-1.37-0.26-1.73,1.17-1.71 C216.41,69.78,221.07,69.75,225.73,69.75z M172.62,40.46c-16.26-0.12-27.97,13.31-25.15,29.27c1.77,10.03,7.88,16.85,17.84,19.29 c10.25,2.52,19.45,0.38,26.48-8.22c1.15-1.41,0.92-2.09-0.5-3.02c-2.57-1.68-5.06-3.49-7.47-5.39c-1.42-1.12-2.27-1.15-3.62,0.25 c-3.74,3.85-9.31,4.31-13.09,1.35c-4.65-3.65-5.19-12.02-1.07-16.58c3.88-4.29,9.74-3.99,14.4,0.83c0.88,0.92,1.38,1.01,2.38,0.23 c2.74-2.15,5.52-4.26,8.39-6.25c1.38-0.96,1.35-1.69,0.38-2.93C186.74,43.12,180.24,40.62,172.62,40.46z M345.28,50.24 c0-2.86-0.06-5.06,0.02-7.25c0.05-1.29-0.38-1.72-1.7-1.7c-4.41,0.07-8.82,0.08-13.22,0c-1.41-0.03-1.83,0.39-1.83,1.81 c0.05,14.67,0.04,29.34,0,44.01c0,1.3,0.38,1.72,1.69,1.7c4.32-0.07,8.65-0.1,12.97,0.01c1.64,0.04,2.11-0.47,2.09-2.09 c-0.06-4.97-0.21-9.96,0.16-14.91c0.7-9.42,3.94-12.6,13.37-13.66c1.15-0.13,1.6-0.47,1.59-1.64c-0.04-4.81-0.07-9.61,0.01-14.42 c0.03-1.58-0.74-1.75-2-1.64c-4.28,0.37-7.86,2.01-10.41,5.55C347.19,47.18,346.45,48.43,345.28,50.24z M104.99,50.33 c0-2.82-0.07-4.96,0.03-7.1c0.07-1.41-0.4-1.86-1.83-1.84c-4.33,0.08-8.65,0.07-12.98,0c-1.36-0.02-1.89,0.3-1.89,1.78 c0.05,14.6,0.05,29.19,0,43.79c0,1.4,0.39,1.86,1.82,1.83c4.33-0.08,8.66-0.1,12.98,0.01c1.62,0.04,1.93-0.55,1.91-2.01 c-0.07-4.64-0.14-9.29,0.02-13.93c0.33-9.71,4.06-13.71,13.53-14.59c1.32-0.12,1.44-0.7,1.44-1.72c-0.02-4.73-0.06-9.45,0.02-14.18 c0.03-1.55-0.64-1.74-1.95-1.67c-4.15,0.22-7.56,1.85-10.1,5.13C107.03,47.07,106.25,48.43,104.99,50.33z M141.31,65.27 c0-7.29-0.04-14.58,0.03-21.87c0.01-1.48-0.34-2.04-1.93-2c-4.24,0.11-8.48,0.09-12.72,0.01c-1.48-0.03-2.03,0.35-2.03,1.92 c0.05,14.5,0.05,29,0,43.5c0,1.48,0.38,2.02,1.94,1.98c4.15-0.1,8.32-0.15,12.47,0.02c1.99,0.08,2.3-0.68,2.28-2.43 C141.26,79.35,141.31,72.31,141.31,65.27z M391.24,35.82c-0.01,0-0.01,0-0.02,0c0-4.39,0.03-8.77-0.01-13.16 c-0.02-2.17-1.28-3.49-3.38-3.54c-2.11-0.05-3.33,1.29-3.53,3.41c-0.06,0.66-0.03,1.32-0.03,1.98c0,6.54-0.01,13.07,0.01,19.61 c0.01,1.73-0.44,3.78,0.33,5.09c0.81,1.36,3.11,0.28,4.65,0.81c1.86,0.64,2.02-0.3,2-1.8C391.2,44.1,391.24,39.96,391.24,35.82z M133.06,24.93c-2.33,0-4.65,0.05-6.98-0.02c-1.18-0.03-1.83,0.15-1.79,1.58c0.1,3.06,0.07,6.13,0.01,9.19 c-0.02,1.17,0.37,1.61,1.57,1.59c4.74-0.05,9.47-0.05,14.21,0c1.24,0.01,1.57-0.53,1.56-1.64c-0.04-3.06-0.05-6.13,0.01-9.19 c0.02-1.22-0.46-1.57-1.62-1.53C137.71,24.97,135.38,24.93,133.06,24.93z M370.39,40.55c0,1.91,0,3.81,0,5.72 c0,5.69-0.01,5.63,5.53,4.22c1.14-0.29,1.47-0.72,1.46-1.8c-0.04-5.97,0.03-11.94-0.05-17.9c-0.03-2.48-1.53-3.93-3.63-3.83 c-2.01,0.09-3.24,1.48-3.29,3.91C370.35,34.09,370.4,37.32,370.39,40.55z M404.82,55.52c0.12-0.2,0.27-0.32,0.27-0.45 c0.02-6.55,0.05-13.1,0.03-19.66c-0.01-2.3-1.38-3.83-3.32-3.9c-2.03-0.07-3.57,1.5-3.6,3.92c-0.06,5.14-0.01,10.29-0.03,15.43 c0,0.78,0.02,1.44,0.89,1.84C400.99,53.6,402.9,54.57,404.82,55.52z"></path><path class="st1" d="M476.98,134.45c1.31-0.41,2.63-0.8,3.94-1.23c11.05-3.66,18.5-13.79,18.52-25.41 c0.04-26.87,0.06-53.74,0-80.61c-0.03-14.87-11.98-26.63-26.87-26.63c-148.29,0-296.59,0.05-444.88-0.08 C14.81,0.47,3.58,9.27,0.84,20.78c-0.14,0.57,0.01,1.39-0.81,1.68c0-7.05,0.03-14.1-0.03-21.15c-0.01-1.07,0.21-1.47,1.28-1.25 c0.32,0.06,0.66,0.01,1,0.01c165.14,0,330.28,0,495.42-0.05c1.87,0,2.3,0.42,2.29,2.29c-0.06,43.38-0.06,86.77,0,130.15 c0,1.7-0.33,2.07-2.05,2.04C490.96,134.37,483.97,134.45,476.98,134.45z"></path><path class="st1" d="M0.03,112.55c0.75,0.22,0.6,0.94,0.74,1.44c2.9,10.51,9.68,17.1,20.21,19.91c0.39,0.1,0.84,0.08,1.03,0.54 c-6.91,0-13.82-0.03-20.73,0.03c-1.07,0.01-1.29-0.21-1.28-1.28C0.06,126.32,0.03,119.43,0.03,112.55z"></path><path class="st2" d="M417.3,83.86c0.01,16.65-12.36,30.32-28.4,32.16c-12.97,1.49-24.18-1.95-32.32-12.48 c-14.23-18.42-3.39-45.4,19.85-49.71c10.25-1.9,19.9-0.36,28.39,5.98C413.08,65.98,417.12,74.37,417.3,83.86z M391.54,78.57 c0-2.65-0.07-5.31,0.03-7.96c0.05-1.51-0.47-2.07-1.99-2.04c-3.82,0.07-7.65,0.1-11.48-0.01c-1.72-0.05-2.08,0.64-2.05,2.19 c0.08,4.47,0.03,8.95,0.03,13.43c0,4.06,0,4.06-4.15,4.33c-0.55,0.04-1.27-0.21-1.52,0.51c-0.24,0.68,0.42,1.02,0.8,1.41 c3.75,3.76,7.55,7.48,11.26,11.28c1,1.02,1.65,0.99,2.63-0.01c3.36-3.45,6.83-6.79,10.2-10.23c0.7-0.72,2.21-1.3,1.69-2.45 c-0.48-1.05-1.97-0.55-2.97-0.47c-1.97,0.16-2.66-0.53-2.52-2.52C391.67,83.55,391.54,81.06,391.54,78.57z"></path><path class="st1" d="M266.78,57.78c0-9.36,0.05-18.73-0.04-28.09c-0.02-1.81,0.39-2.41,2.32-2.38c8.4,0.14,16.81-0.13,25.19,0.19 c8.52,0.32,16.25,3,22.69,8.9c13.3,12.18,13.02,43.05-13.68,50.72c-4.1,1.18-8.29,1.68-12.56,1.66c-7.15-0.02-14.3-0.07-21.45,0.04 c-1.9,0.03-2.54-0.42-2.52-2.44C266.84,76.85,266.78,67.31,266.78,57.78z M283.96,57.95c0,4.63,0.01,9.27-0.01,13.9 c0,1.06-0.02,1.94,1.51,1.88c3.4-0.13,6.8,0.14,10.18-0.49c7.45-1.4,11.86-6.5,12.34-14.36c0.46-7.64-3.57-13.45-10.73-15.64 c-3.74-1.14-7.57-0.74-11.37-0.9c-1.55-0.07-1.98,0.44-1.96,1.95C284.02,48.84,283.96,53.39,283.96,57.95z"></path><path class="st2" d="M31.91,58.04c0-9.45-0.01-18.9,0.01-28.34c0-0.99-0.4-2.24,1.43-2.19c10.22,0.25,20.47-0.59,30.66,0.47 c10.29,1.07,17.86,7.67,19.38,16.53c2.34,13.58-5.26,24.03-19,26.25c-4.3,0.69-8.63,0.6-12.94,0.48c-2.15-0.06-2.62,0.63-2.55,2.64 c0.16,4.22-0.03,8.45,0.09,12.68c0.05,1.69-0.34,2.31-2.16,2.25c-4.15-0.14-8.32-0.14-12.47,0c-1.91,0.06-2.53-0.42-2.5-2.43 C31.97,76.94,31.91,67.49,31.91,58.04z M48.96,49.76c0,2.24,0.01,4.47,0,6.71c0,0.78-0.03,1.5,1.11,1.48 c3.32-0.08,6.67,0.32,9.96-0.27c4.17-0.74,6.73-3.77,6.81-7.7c0.08-4.08-2.19-6.83-6.57-7.78c-3.36-0.73-6.79-0.19-10.19-0.35 c-1.14-0.05-1.12,0.66-1.12,1.45C48.97,45.45,48.96,47.61,48.96,49.76z"></path><path class="st1" d="M432.02,83.33c0,6.08-0.06,11.72,0.04,17.34c0.03,1.68-0.36,2.33-2.18,2.27c-4.07-0.13-8.15-0.07-12.23-0.02 c-1.47,0.02-1.96-0.18-1.14-1.78c5.91-11.49,5.69-22.9-0.67-34.16c-0.48-0.84-0.65-1.66-0.65-2.59c0.01-6.96,0.06-13.93-0.03-20.89 c-0.02-1.75,0.5-2.26,2.24-2.21c4.16,0.12,8.32,0.13,12.48-0.01c1.79-0.06,2.37,0.51,2.16,2.23c-0.13,1.11-0.02,2.24-0.02,3.84 c0.59-0.55,0.83-0.74,1.02-0.96c7.74-9.35,22.46-7.49,29.49,1.91c6.82,9.11,6.75,24.52-0.08,33.64 C456.08,90.42,441.88,93.72,432.02,83.33z M451.12,64.94c-0.02-6.13-3.94-10.61-9.4-10.75c-5.64-0.14-9.85,4.18-10.1,10.37 c-0.24,5.94,3.71,10.87,8.98,11.22C446.72,76.19,451.15,71.63,451.12,64.94z"></path><path class="st1" d="M225.73,69.75c-4.66,0-9.32,0.03-13.98-0.02c-1.43-0.02-1.71,0.34-1.17,1.71c1.9,4.86,7.58,7.24,13.42,5.53 c2.12-0.62,3.97-1.72,5.55-3.22c0.87-0.82,1.47-1,2.47-0.11c2.16,1.94,4.41,3.79,6.73,5.55c1.21,0.91,1.05,1.53,0.13,2.53 c-4.94,5.4-11.13,7.87-18.36,8.23c-12.95,0.63-23.3-6.87-25.96-18.94c-4.25-19.27,12.05-34.85,30.99-29.61 c9.23,2.55,15.54,11,16.19,21.64c0.41,6.71,0.41,6.71-6.27,6.71C232.23,69.75,228.98,69.75,225.73,69.75z M209.84,61.25 c5.11,0,10.1-0.01,15.08,0.01c0.83,0,1.4-0.01,1.24-1.19c-0.54-4.22-4.12-7.4-8.39-7.32C213.58,52.82,210.94,55.55,209.84,61.25z"></path><path class="st1" d="M172.62,40.46c7.62,0.16,14.12,2.65,18.94,8.83c0.97,1.25,1,1.98-0.38,2.93c-2.86,1.99-5.65,4.1-8.39,6.25 c-1,0.78-1.5,0.69-2.38-0.23c-4.65-4.82-10.52-5.12-14.4-0.83c-4.12,4.56-3.58,12.93,1.07,16.58c3.78,2.96,9.35,2.5,13.09-1.35 c1.36-1.4,2.21-1.37,3.62-0.25c2.4,1.91,4.9,3.71,7.47,5.39c1.43,0.94,1.65,1.62,0.5,3.02c-7.02,8.59-16.22,10.73-26.48,8.22 c-9.95-2.45-16.06-9.26-17.84-19.29C144.65,53.77,156.36,40.34,172.62,40.46z"></path><path class="st2" d="M345.28,50.24c1.17-1.8,1.91-3.06,2.76-4.23c2.55-3.54,6.13-5.19,10.41-5.55c1.27-0.11,2.03,0.06,2,1.64 c-0.08,4.81-0.05,9.61-0.01,14.42c0.01,1.17-0.44,1.51-1.59,1.64c-9.43,1.06-12.66,4.24-13.37,13.66 c-0.37,4.95-0.21,9.94-0.16,14.91c0.02,1.62-0.45,2.13-2.09,2.09c-4.32-0.11-8.65-0.08-12.97-0.01c-1.31,0.02-1.69-0.4-1.69-1.7 c0.04-14.67,0.04-29.34,0-44.01c0-1.42,0.42-1.84,1.83-1.81c4.41,0.08,8.81,0.07,13.22,0c1.31-0.02,1.75,0.4,1.7,1.7 C345.22,45.18,345.28,47.37,345.28,50.24z"></path><path class="st2" d="M104.99,50.33c1.26-1.9,2.04-3.27,2.99-4.5c2.54-3.28,5.95-4.91,10.1-5.13c1.31-0.07,1.98,0.12,1.95,1.67 c-0.08,4.73-0.04,9.45-0.02,14.18c0,1.03-0.12,1.6-1.44,1.72c-9.47,0.88-13.2,4.88-13.53,14.59c-0.16,4.64-0.09,9.29-0.02,13.93 c0.02,1.45-0.29,2.05-1.91,2.01c-4.32-0.11-8.65-0.09-12.98-0.01c-1.43,0.03-1.82-0.44-1.82-1.83c0.04-14.6,0.05-29.19,0-43.79 c0-1.47,0.54-1.8,1.89-1.78c4.33,0.07,8.65,0.08,12.98,0c1.43-0.03,1.9,0.43,1.83,1.84C104.92,45.37,104.99,47.52,104.99,50.33z"></path><path class="st1" d="M141.31,65.27c0,7.04-0.05,14.09,0.04,21.13c0.02,1.75-0.28,2.5-2.28,2.43c-4.15-0.16-8.31-0.12-12.47-0.02 c-1.56,0.04-1.95-0.5-1.94-1.98c0.05-14.5,0.05-29,0-43.5c-0.01-1.57,0.55-1.95,2.03-1.92c4.24,0.08,8.48,0.1,12.72-0.01 c1.59-0.04,1.95,0.52,1.93,2C141.28,50.68,141.31,57.98,141.31,65.27z"></path><path class="st3" d="M391.24,35.82c0,4.14-0.04,8.27,0.02,12.41c0.02,1.5-0.14,2.43-2,1.8c-1.55-0.53-3.85,0.55-4.65-0.81 c-0.78-1.3-0.33-3.36-0.33-5.09c-0.02-6.54-0.01-13.07-0.01-19.61c0-0.66-0.03-1.33,0.03-1.98c0.21-2.12,1.42-3.46,3.53-3.41 c2.1,0.05,3.36,1.37,3.38,3.54c0.04,4.38,0.01,8.77,0.01,13.16C391.23,35.82,391.24,35.82,391.24,35.82z"></path><path class="st4" d="M133.06,24.93c2.33,0,4.65,0.05,6.98-0.02c1.16-0.03,1.64,0.31,1.62,1.53c-0.06,3.06-0.04,6.13-0.01,9.19 c0.01,1.11-0.32,1.65-1.56,1.64c-4.74-0.05-9.47-0.05-14.21,0c-1.2,0.01-1.6-0.42-1.57-1.59c0.06-3.06,0.09-6.13-0.01-9.19 c-0.05-1.43,0.6-1.61,1.79-1.58C128.4,24.97,130.73,24.93,133.06,24.93z"></path><path class="st5" d="M370.39,40.55c0-3.23-0.04-6.47,0.02-9.7c0.05-2.43,1.28-3.81,3.29-3.91c2.09-0.1,3.59,1.35,3.63,3.83 c0.08,5.97,0.01,11.93,0.05,17.9c0.01,1.09-0.32,1.51-1.46,1.8c-5.54,1.42-5.53,1.47-5.53-4.22 C370.39,44.36,370.39,42.46,370.39,40.55z"></path><path class="st4" d="M404.82,55.52c-1.92-0.94-3.82-1.91-5.76-2.81c-0.86-0.4-0.89-1.07-0.89-1.84c0.01-5.14-0.04-10.29,0.03-15.43 c0.03-2.42,1.58-3.99,3.6-3.92c1.94,0.07,3.31,1.6,3.32,3.9c0.02,6.55-0.01,13.1-0.03,19.66 C405.09,55.19,404.94,55.32,404.82,55.52z"></path><path class="st6" d="M391.54,78.57c0,2.49,0.13,4.98-0.04,7.46c-0.14,1.99,0.55,2.68,2.52,2.52c1-0.08,2.48-0.59,2.97,0.47 c0.53,1.15-0.99,1.73-1.69,2.45c-3.37,3.44-6.83,6.79-10.2,10.23c-0.98,1-1.63,1.04-2.63,0.01c-3.71-3.8-7.51-7.52-11.26-11.28 c-0.39-0.39-1.04-0.73-0.8-1.41c0.25-0.72,0.98-0.47,1.52-0.51c4.15-0.27,4.15-0.26,4.15-4.33c0-4.48,0.05-8.95-0.03-13.43 c-0.03-1.55,0.33-2.24,2.05-2.19c3.82,0.11,7.65,0.08,11.48,0.01c1.53-0.03,2.05,0.53,1.99,2.04 C391.47,73.26,391.54,75.92,391.54,78.57z"></path><path class="st7" d="M283.96,57.95c0-4.55,0.06-9.11-0.03-13.66c-0.03-1.51,0.4-2.02,1.96-1.95c3.8,0.16,7.63-0.24,11.37,0.9 c7.17,2.19,11.2,8,10.73,15.64c-0.48,7.86-4.89,12.95-12.34,14.36c-3.38,0.64-6.79,0.36-10.18,0.49c-1.53,0.06-1.51-0.82-1.51-1.88 C283.97,67.21,283.96,62.58,283.96,57.95z"></path><path class="st7" d="M48.96,49.76c0-2.15,0.01-4.31,0-6.46c0-0.79-0.02-1.5,1.12-1.45c3.4,0.16,6.82-0.38,10.19,0.35 c4.38,0.95,6.66,3.69,6.57,7.78c-0.08,3.93-2.65,6.96-6.81,7.7c-3.28,0.59-6.64,0.19-9.96,0.27c-1.14,0.03-1.11-0.69-1.11-1.48 C48.97,54.23,48.96,52,48.96,49.76z"></path><path class="st6" d="M451.12,64.94c0.03,6.68-4.4,11.25-10.52,10.84c-5.27-0.35-9.22-5.28-8.98-11.22 c0.25-6.18,4.46-10.5,10.1-10.37C447.18,54.33,451.1,58.81,451.12,64.94z"></path><path class="st8" d="M209.84,61.25c1.1-5.7,3.74-8.43,7.93-8.5c4.27-0.08,7.85,3.1,8.39,7.32c0.15,1.18-0.41,1.19-1.24,1.19 C219.94,61.24,214.95,61.25,209.84,61.25z"></path></g></svg></span></span></span></div><ul><div class="co-item__icon-list-container"><ul class="co-product__promo-icon-list co-item__promo-icon-list co-item__promo-icon-list--list-position"><li class="co-product__promo-icon-item"><div class="co-product__promo-icon-image-cntr"><button data-auto-id="btnPromo" type="button" class="asda-btn asda-btn--plain co-product__promo-icon-button" aria-label="show information on Typically fresh for 4 days"><picture class="asda-image picture"><source srcset="https://ui.assets-asda.com/dm/produce-4-days-icon?$Icon-wapp2x$=&amp;qlt=50"><img alt="Typically fresh for 4 days" class="asda-img asda-image co-product__promo-icon-img" data-auto-id="" src="https://ui.assets-asda.com/dm/produce-4-days-icon?$Icon-wapp2x$=&amp;qlt=50" loading="lazy" title="Typically fresh for 4 days"></picture></button></div></li></ul></div></ul></div><div class="co-item__col3 co-item__col3--rest-in-shelf"><div class="co-item__price-container co-item__price-container--rest-in-shelf"><div><span class="co-product__was-price"><span class="co-product__hidden-label">was &nbsp;</span>£4.55</span><strong class="co-product__price"><span class="co-product__hidden-label"> now </span>£3.75</strong><p class="co-item__price-per-uom-msg"><span class="co-product__price-per-uom">(£11.03/kg)</span></p></div></div><div class="co-item__quantity-container co-item__quantity-container--rest-in-shelf"><div class="co-item__quantity-container"><div class="quantity-button"><div class="add-button-with-tooltip"><div class="tooltip-wrapper"><button data-auto-id="btnAdd" type="button" class="asda-btn asda-btn--primary asda-btn--fluid add-button" aria-label="Add item ASDA Hearty Fish Pie Mix to cart" data-di-id="di-id-bd5e14ce-b3d9e896">Add</button></div></div></div></div></div></div><div class="co-item__col4"><a class="asda-link asda-link--primary" data-auto-id="linkViewTheShelf" target="_self" href="/aisle/meat-poultry-fish/fish-seafood/cod-haddock-white-fish/1215135760597-1215337195095-1215685901161" data-di-id="di-id-b88f03a4-7ac89c7f">View the shelf</a></div></div></div></li><li class=" co-item co-item--rest-in-shelf " style="order: 11;"><div><div class="co-product"><div class="co-item__col1 co-item__col1--rest-in-shelf"><button type="button" data-auto-id="linkProductImage" class="asda-link asda-link--primary asda-link--button" aria-disabled="false"><div class="thumbnail__image-container co-product__image co-product__image--rest-in-shelf co-item__image"><picture class="asda-image picture"><source type="image/webp" srcset="https://ui.assets-asda.com/dm/asdagroceries/5050854766688?$ProdList2x$=&amp;fmt=webp&amp;qlt=50"><img alt="ASDA Extra Special Goose Fat 220g" class="asda-img asda-image thumbnail__image" data-auto-id="" src="https://ui.assets-asda.com/dm/asdagroceries/5050854766688?$ProdList2x$=&amp;fmt=jpg&amp;qlt=50" loading="lazy" title="ASDA Extra Special Goose Fat 220g"></picture></div></button><div class="co-item__items-container"><div class="co-item-fsl__favourites-image-container co-item__items" role="presentation" data-auto-id="favouritesAndShoppingList"><div class="context-wrapper"><button data-auto-id="" type="button" class="asda-btn asda-btn--plain asda-btn--icon co-item-fsl__favourites-button" aria-label="options for favourite shopping list" aria-expanded="false"><span role="img" data-auto-id="" class="asda-icon asda-icon--white asda-icon--regular asda-icon--rotate0 co-item-fsl__favourites-image co-item__items"><svg viewBox="0 0 35 23" xmlns="http://www.w3.org/2000/svg" xmlns:xlink="http://www.w3.org/1999/xlink" data-di-res-id="8e46bcbf-d91f81be" data-di-rand="1700859408952"><defs><path id="asda_fav_list_1" d="M7.02 2C7 2.344 7 2.685 7 3h6c0-.315 0-.656-.02-1H18c1 0 2 .784 2 1.667v17.667C20 22.167 19 23 18 23H2c-1 0-2-.833-2-1.666V3.667C0 2.833 1 2 2 2h5.02zM12 2H8c0-1 1-2 2-2s2 1 2 2zM7 17v2h10v-2H7zm-4-5v2h2v-2H3zm0-5v2h2V7H3zm0 10v2h2v-2H3zm4-5v2h10v-2H7zm0-5v2h10V7H7z"></path><path id="asda_fav_list_2" d="M24 21c-1.818-1.8-10-7.65-10-12.6C14 5.7 15.818 3 19 3c2 0 4 .82 5 3.295C25 3.82 27 3 29 3c3.182 0 5 2.7 5 5.4 0 4.95-8.182 10.8-10 12.6z"></path></defs><g class="asda-icon__draw" fill="none" fill-rule="evenodd"><use fill="#3d3d3d" xlink:href="#asda_fav_list_1"></use><use class="asda-icon__draw" fill="#FFF" stroke="#3d3d3d" stroke-width="1.9" xlink:href="#asda_fav_list_2"></use></g></svg></span></button></div></div><div class="co-item__volume-container co-item__items"><span class="co-product__volume co-item__volume">220g      </span></div></div></div><div class="co-item__col2 co-item__col2--rest-in-shelf"><div class="co-item__title-container co-item__title-container--rest-in-shelf"><h3 class="co-product__title"><a class="co-product__anchor" data-auto-id="linkProductTitle" href="/product/whole-chickens/asda-extra-special-goose-fat-220-g/70375609" data-di-id="di-id-c194c2a3-bfde6ed9">ASDA Extra Special Goose Fat 220g</a></h3></div><div class="co-item__rating-container"><button type="button" data-auto-id="linkProductRating" class="asda-link asda-link--primary asda-link--button co-product__rating" aria-disabled="false" aria-label="4.84 stars out of 5 based on 37 reviews, you will be taken to the reviews on clicking this" data-di-id="di-id-f9fe053c-f236c98c"><div class="rating-stars rating-stars--windows"><div class="rating-stars__stars rating-stars__stars--top" aria-hidden="true" style="width: 96.8%;"><span aria-hidden="true">★</span><span aria-hidden="true">★</span><span aria-hidden="true">★</span><span aria-hidden="true">★</span><span aria-hidden="true">★</span></div><div class="rating-stars__stars rating-stars__stars--bottom" aria-hidden="true"><span aria-hidden="true">☆</span><span aria-hidden="true">☆</span><span aria-hidden="true">☆</span><span aria-hidden="true">☆</span><span aria-hidden="true">☆</span></div></div><span class="co-product__review-count" aria-hidden="true">(37)</span></button></div><div class="co-item__bundled-item-count-container"></div><div class="co-item__promo-container co-item__promo-container--rest-in-shelf"><span data-auto-id="secondaryPromoBanner" class="co-product__promo co-product__promo--great-offers co-product__promo--rest-in-shelf" title="Great offers"><span class="co-product__promo-text">Great offers</span></span></div><ul></ul></div><div class="co-item__col3 co-item__col3--rest-in-shelf"><div class="co-item__price-container co-item__price-container--rest-in-shelf"><div><span class="co-product__was-price"><span class="co-product__hidden-label">was &nbsp;</span>£4.30</span><strong class="co-product__price"><span class="co-product__hidden-label"> now </span>£3.80</strong><p class="co-item__price-per-uom-msg"><span class="co-product__price-per-uom">(£17.27/kg)</span></p></div></div><div class="co-item__quantity-container co-item__quantity-container--rest-in-shelf"><div class="co-item__quantity-container"><div class="quantity-button"><div class="add-button-with-tooltip"><div class="tooltip-wrapper"><button data-auto-id="btnAdd" type="button" class="asda-btn asda-btn--primary asda-btn--fluid add-button" aria-label="Add item ASDA Extra Special Goose Fat 220g to cart" data-di-id="di-id-bd5e14ce-b3d9e896">Add</button></div></div></div></div></div></div><div class="co-item__col4"><a class="asda-link asda-link--primary" data-auto-id="linkViewTheShelf" target="_self" href="/shelf/meat-poultry-fish/meat-poultry/chicken-turkey/whole-chickens/1215135760597-910000975206-910000975462-910000976537" data-di-id="di-id-f36189d6-9d5b7a59">View the shelf</a></div></div></div></li><li class=" co-item co-item--rest-in-shelf " style="order: 12;"><div><div class="co-product"><div class="co-item__col1 co-item__col1--rest-in-shelf"><button type="button" data-auto-id="linkProductImage" class="asda-link asda-link--primary asda-link--button" aria-disabled="false"><div class="thumbnail__image-container co-product__image co-product__image--rest-in-shelf co-item__image"><picture class="asda-image picture"><source type="image/webp" srcset="https://ui.assets-asda.com/dm/asdagroceries/5054781711810?$ProdList2x$=&amp;fmt=webp&amp;qlt=50"><img alt="ASDA Extra Special British Pork Sausage Meat 400g" class="asda-img asda-image thumbnail__image" data-auto-id="" src="https://ui.assets-asda.com/dm/asdagroceries/5054781711810?$ProdList2x$=&amp;fmt=jpg&amp;qlt=50" loading="lazy" title="ASDA Extra Special British Pork Sausage Meat 400g"></picture></div></button><div class="co-item__items-container"><div class="co-item-fsl__favourites-image-container co-item__items" role="presentation" data-auto-id="favouritesAndShoppingList"><div class="context-wrapper"><button data-auto-id="" type="button" class="asda-btn asda-btn--plain asda-btn--icon co-item-fsl__favourites-button" aria-label="options for favourite shopping list" aria-expanded="false"><span role="img" data-auto-id="" class="asda-icon asda-icon--white asda-icon--regular asda-icon--rotate0 co-item-fsl__favourites-image co-item__items"><svg viewBox="0 0 35 23" xmlns="http://www.w3.org/2000/svg" xmlns:xlink="http://www.w3.org/1999/xlink" data-di-res-id="92eb1e30-db6b40a9" data-di-rand="1700859408953"><defs><path id="asda_fav_list_1" d="M7.02 2C7 2.344 7 2.685 7 3h6c0-.315 0-.656-.02-1H18c1 0 2 .784 2 1.667v17.667C20 22.167 19 23 18 23H2c-1 0-2-.833-2-1.666V3.667C0 2.833 1 2 2 2h5.02zM12 2H8c0-1 1-2 2-2s2 1 2 2zM7 17v2h10v-2H7zm-4-5v2h2v-2H3zm0-5v2h2V7H3zm0 10v2h2v-2H3zm4-5v2h10v-2H7zm0-5v2h10V7H7z"></path><path id="asda_fav_list_2" d="M24 21c-1.818-1.8-10-7.65-10-12.6C14 5.7 15.818 3 19 3c2 0 4 .82 5 3.295C25 3.82 27 3 29 3c3.182 0 5 2.7 5 5.4 0 4.95-8.182 10.8-10 12.6z"></path></defs><g class="asda-icon__draw" fill="none" fill-rule="evenodd"><use fill="#3d3d3d" xlink:href="#asda_fav_list_1"></use><use class="asda-icon__draw" fill="#FFF" stroke="#3d3d3d" stroke-width="1.9" xlink:href="#asda_fav_list_2"></use></g></svg></span></button></div></div><div class="co-item__volume-container co-item__items"><span class="co-product__volume co-item__volume">400g      </span></div></div><div class="link-save-banner"><a class="link-save-banner-large__anchor link-save-banner-large__anchor--hyperlink" data-auto-id="linkPromoDetail" href="/promotion/2-for-5/ls92436" data-di-id="di-id-a30e8dee-a87ed35"><div class="link-save-banner-large__meat-sticker"><span class="link-save-banner-large__config link-save-banner-large__config--block link-save-banner-large__config--font-normal link-save-banner-large__config--center link-save-banner-large__config--height-normal">Any 2 for </span><span class="link-save-banner-large__config link-save-banner-large__config--block link-save-banner-large__config--font-huge link-save-banner-large__config--up-small">£5</span><span class="link-save-banner-large__view-all">View all</span></div></a></div></div><div class="co-item__col2 co-item__col2--rest-in-shelf co-item__col2--has-icon-list"><div class="co-item__title-container co-item__title-container--rest-in-shelf"><h3 class="co-product__title"><a class="co-product__anchor" data-auto-id="linkProductTitle" href="/product/sausages/asda-extra-special-british-pork-sausage-meat-400-g/1000004371937" data-di-id="di-id-25607fb2-ec2f5f71">ASDA Extra Special British Pork Sausage Meat 400g</a></h3></div><div class="co-item__rating-container"></div><div class="co-item__bundled-item-count-container"></div><div class="co-item__promo-container co-item__promo-container--rest-in-shelf"></div><ul><div class="co-item__icon-list-container"><ul class="co-product__promo-icon-list co-item__promo-icon-list co-item__promo-icon-list--list-position"><li class="co-product__promo-icon-item"><div class="co-product__promo-icon-image-cntr"><button data-auto-id="btnPromo" type="button" class="asda-btn asda-btn--plain co-product__promo-icon-button" aria-label="show information on Gluten Free"><picture class="asda-image picture"><source srcset="https://ui.assets-asda.com/dm/asdagroceries/ff-gluten-icon?$scl=1&amp;$Icon-wapp2x$=&amp;qlt=50"><img alt="Gluten Free" class="asda-img asda-image co-product__promo-icon-img" data-auto-id="" src="https://ui.assets-asda.com/dm/asdagroceries/ff-gluten-icon?$scl=1&amp;$Icon-wapp2x$=&amp;qlt=50" loading="lazy" title="Gluten Free"></picture></button></div></li></ul></div></ul></div><div class="co-item__col3 co-item__col3--rest-in-shelf"><div class="co-item__price-container co-item__price-container--rest-in-shelf"><span class="co-item__price-per-uom"><strong class="co-product__price"><span class="co-product__hidden-label"> now </span>£3.00</strong><p class="co-item__price-per-uom-msg"><span class="co-product__price-per-uom">(£7.50/kg)</span></p></span></div><div class="co-item__quantity-container co-item__quantity-container--rest-in-shelf"><div class="co-item__quantity-container"><div class="quantity-button"><div class="add-button-with-tooltip"><div class="tooltip-wrapper"><button data-auto-id="btnAdd" type="button" class="asda-btn asda-btn--primary asda-btn--fluid add-button" aria-label="Add item ASDA Extra Special British Pork Sausage Meat 400g to cart" data-di-id="di-id-bd5e14ce-b3d9e896">Add</button></div></div></div></div></div></div><div class="co-item__col4"><a class="asda-link asda-link--primary" data-auto-id="linkViewTheShelf" target="_self" href="/shelf/meat-poultry-fish/meat-poultry/bacon-sausages-gammon/sausages/1215135760597-910000975206-910000975529-1215665252350" data-di-id="di-id-80996c32-6b5533bf">View the shelf</a></div></div></div></li><li class=" co-item co-item--rest-in-shelf " style="order: 13;"><div><div class="co-product"><div class="co-item__col1 co-item__col1--rest-in-shelf"><button type="button" data-auto-id="linkProductImage" class="asda-link asda-link--primary asda-link--button" aria-disabled="false"><div class="thumbnail__image-container co-product__image co-product__image--rest-in-shelf co-item__image"><picture class="asda-image picture"><source type="image/webp" srcset="https://ui.assets-asda.com/dm/asdagroceries/5019503002508?$ProdList2x$=&amp;fmt=webp&amp;qlt=50"><img alt="Quorn 2 Peppered Steaks" class="asda-img asda-image thumbnail__image" data-auto-id="" src="https://ui.assets-asda.com/dm/asdagroceries/5019503002508?$ProdList2x$=&amp;fmt=jpg&amp;qlt=50" loading="lazy" title="Quorn 2 Peppered Steaks"></picture></div></button><div class="co-item__items-container"><div class="co-item-fsl__favourites-image-container co-item__items" role="presentation" data-auto-id="favouritesAndShoppingList"><div class="context-wrapper"><button data-auto-id="" type="button" class="asda-btn asda-btn--plain asda-btn--icon co-item-fsl__favourites-button" aria-label="options for favourite shopping list" aria-expanded="false"><span role="img" data-auto-id="" class="asda-icon asda-icon--white asda-icon--regular asda-icon--rotate0 co-item-fsl__favourites-image co-item__items"><svg viewBox="0 0 35 23" xmlns="http://www.w3.org/2000/svg" xmlns:xlink="http://www.w3.org/1999/xlink" data-di-res-id="ab2de363-523ca8aa" data-di-rand="1700859408954"><defs><path id="asda_fav_list_1" d="M7.02 2C7 2.344 7 2.685 7 3h6c0-.315 0-.656-.02-1H18c1 0 2 .784 2 1.667v17.667C20 22.167 19 23 18 23H2c-1 0-2-.833-2-1.666V3.667C0 2.833 1 2 2 2h5.02zM12 2H8c0-1 1-2 2-2s2 1 2 2zM7 17v2h10v-2H7zm-4-5v2h2v-2H3zm0-5v2h2V7H3zm0 10v2h2v-2H3zm4-5v2h10v-2H7zm0-5v2h10V7H7z"></path><path id="asda_fav_list_2" d="M24 21c-1.818-1.8-10-7.65-10-12.6C14 5.7 15.818 3 19 3c2 0 4 .82 5 3.295C25 3.82 27 3 29 3c3.182 0 5 2.7 5 5.4 0 4.95-8.182 10.8-10 12.6z"></path></defs><g class="asda-icon__draw" fill="none" fill-rule="evenodd"><use fill="#3d3d3d" xlink:href="#asda_fav_list_1"></use><use class="asda-icon__draw" fill="#FFF" stroke="#3d3d3d" stroke-width="1.9" xlink:href="#asda_fav_list_2"></use></g></svg></span></button></div></div><div class="co-item__volume-container co-item__items"><span class="co-product__volume co-item__volume">196g      </span></div></div></div><div class="co-item__col2 co-item__col2--rest-in-shelf"><div class="co-item__title-container co-item__title-container--rest-in-shelf"><h3 class="co-product__title"><a class="co-product__anchor" data-auto-id="linkProductTitle" href="/product/beef-steaks-sauces/quorn-2-peppered-steaks/1000343583640" data-di-id="di-id-fab5787d-9ad96851">Quorn 2 Peppered Steaks</a></h3></div><div class="co-item__rating-container"><button type="button" data-auto-id="linkProductRating" class="asda-link asda-link--primary asda-link--button co-product__rating" aria-disabled="false" aria-label="4.71 stars out of 5 based on 17 reviews, you will be taken to the reviews on clicking this" data-di-id="di-id-f9fe053c-f1b21de2"><div class="rating-stars rating-stars--windows"><div class="rating-stars__stars rating-stars__stars--top" aria-hidden="true" style="width: 94.2%;"><span aria-hidden="true">★</span><span aria-hidden="true">★</span><span aria-hidden="true">★</span><span aria-hidden="true">★</span><span aria-hidden="true">★</span></div><div class="rating-stars__stars rating-stars__stars--bottom" aria-hidden="true"><span aria-hidden="true">☆</span><span aria-hidden="true">☆</span><span aria-hidden="true">☆</span><span aria-hidden="true">☆</span><span aria-hidden="true">☆</span></div></div><span class="co-product__review-count" aria-hidden="true">(17)</span></button></div><div class="co-item__bundled-item-count-container"></div><div class="co-item__promo-container co-item__promo-container--rest-in-shelf"></div><ul></ul></div><div class="co-item__col3 co-item__col3--rest-in-shelf"><div class="co-item__price-container co-item__price-container--rest-in-shelf"><span class="co-item__price-per-uom"><strong class="co-product__price"><span class="co-product__hidden-label"> now </span>£3.25</strong><p class="co-item__price-per-uom-msg"><span class="co-product__price-per-uom">(£16.58/kg)</span></p></span></div><div class="co-item__quantity-container co-item__quantity-container--rest-in-shelf"><div class="co-item__quantity-container"><div class="quantity-button"><div class="add-button-with-tooltip"><div class="tooltip-wrapper"><button data-auto-id="btnAdd" type="button" class="asda-btn asda-btn--primary asda-btn--fluid add-button" aria-label="Add item Quorn 2 Peppered Steaks to cart" data-di-id="di-id-bd5e14ce-b3d9e896">Add</button></div></div></div></div></div></div><div class="co-item__col4"><a class="asda-link asda-link--primary" data-auto-id="linkViewTheShelf" target="_self" href="/shelf/meat-poultry-fish/meat-poultry/beef/beef-steaks-sauces/1215135760597-910000975206-910000975528-910000976888" data-di-id="di-id-e6b55506-470d56a2">View the shelf</a></div></div></div></li><li class=" co-item co-item--rest-in-shelf " style="order: 14;"><div><div class="co-product"><div class="co-item__col1 co-item__col1--rest-in-shelf"><button type="button" data-auto-id="linkProductImage" class="asda-link asda-link--primary asda-link--button" aria-disabled="false"><div class="thumbnail__image-container co-product__image co-product__image--rest-in-shelf co-item__image"><picture class="asda-image picture"><source type="image/webp" srcset="https://ui.assets-asda.com/dm/asdagroceries/5052449889598?$ProdList2x$=&amp;fmt=webp&amp;qlt=50"><img alt="ASDA Seasoned Pork Sausage Meat" class="asda-img asda-image thumbnail__image" data-auto-id="" src="https://ui.assets-asda.com/dm/asdagroceries/5052449889598?$ProdList2x$=&amp;fmt=jpg&amp;qlt=50" loading="lazy" title="ASDA Seasoned Pork Sausage Meat"></picture></div></button><div class="co-item__items-container"><div class="co-item-fsl__favourites-image-container co-item__items" role="presentation" data-auto-id="favouritesAndShoppingList"><div class="context-wrapper"><button data-auto-id="" type="button" class="asda-btn asda-btn--plain asda-btn--icon co-item-fsl__favourites-button" aria-label="options for favourite shopping list" aria-expanded="false"><span role="img" data-auto-id="" class="asda-icon asda-icon--white asda-icon--regular asda-icon--rotate0 co-item-fsl__favourites-image co-item__items"><svg viewBox="0 0 35 23" xmlns="http://www.w3.org/2000/svg" xmlns:xlink="http://www.w3.org/1999/xlink" data-di-res-id="13918406-27beb7da" data-di-rand="1700859408955"><defs><path id="asda_fav_list_1" d="M7.02 2C7 2.344 7 2.685 7 3h6c0-.315 0-.656-.02-1H18c1 0 2 .784 2 1.667v17.667C20 22.167 19 23 18 23H2c-1 0-2-.833-2-1.666V3.667C0 2.833 1 2 2 2h5.02zM12 2H8c0-1 1-2 2-2s2 1 2 2zM7 17v2h10v-2H7zm-4-5v2h2v-2H3zm0-5v2h2V7H3zm0 10v2h2v-2H3zm4-5v2h10v-2H7zm0-5v2h10V7H7z"></path><path id="asda_fav_list_2" d="M24 21c-1.818-1.8-10-7.65-10-12.6C14 5.7 15.818 3 19 3c2 0 4 .82 5 3.295C25 3.82 27 3 29 3c3.182 0 5 2.7 5 5.4 0 4.95-8.182 10.8-10 12.6z"></path></defs><g class="asda-icon__draw" fill="none" fill-rule="evenodd"><use fill="#3d3d3d" xlink:href="#asda_fav_list_1"></use><use class="asda-icon__draw" fill="#FFF" stroke="#3d3d3d" stroke-width="1.9" xlink:href="#asda_fav_list_2"></use></g></svg></span></button></div></div><div class="co-item__volume-container co-item__items"><span class="co-product__volume co-item__volume">400g      </span></div></div></div><div class="co-item__col2 co-item__col2--rest-in-shelf co-item__col2--has-icon-list"><div class="co-item__title-container co-item__title-container--rest-in-shelf"><h3 class="co-product__title"><a class="co-product__anchor" data-auto-id="linkProductTitle" href="/product/sausages/asda-seasoned-pork-sausage-meat/910001161752" data-di-id="di-id-b52f6e4a-491477dc">ASDA Seasoned Pork Sausage Meat</a></h3></div><div class="co-item__rating-container"><button type="button" data-auto-id="linkProductRating" class="asda-link asda-link--primary asda-link--button co-product__rating" aria-disabled="false" aria-label="4.04 stars out of 5 based on 50+ reviews, you will be taken to the reviews on clicking this" data-di-id="di-id-f9fe053c-665ea5f8"><div class="rating-stars rating-stars--windows"><div class="rating-stars__stars rating-stars__stars--top" aria-hidden="true" style="width: 80.8%;"><span aria-hidden="true">★</span><span aria-hidden="true">★</span><span aria-hidden="true">★</span><span aria-hidden="true">★</span><span aria-hidden="true">★</span></div><div class="rating-stars__stars rating-stars__stars--bottom" aria-hidden="true"><span aria-hidden="true">☆</span><span aria-hidden="true">☆</span><span aria-hidden="true">☆</span><span aria-hidden="true">☆</span><span aria-hidden="true">☆</span></div></div><span class="co-product__review-count" aria-hidden="true">(50+)</span></button></div><div class="co-item__bundled-item-count-container"></div><div class="co-item__promo-container co-item__promo-container--rest-in-shelf"></div><ul><div class="co-item__icon-list-container"><ul class="co-product__promo-icon-list co-item__promo-icon-list co-item__promo-icon-list--list-position"><li class="co-product__promo-icon-item"><div class="co-product__promo-icon-image-cntr"><button data-auto-id="btnPromo" type="button" class="asda-btn asda-btn--plain co-product__promo-icon-button" aria-label="show information on Typically fresh for 9 days"><picture class="asda-image picture"><source srcset="https://ui.assets-asda.com/dm/produce-9-days-icon?$Icon-wapp2x$=&amp;qlt=50"><img alt="Typically fresh for 9 days" class="asda-img asda-image co-product__promo-icon-img" data-auto-id="" src="https://ui.assets-asda.com/dm/produce-9-days-icon?$Icon-wapp2x$=&amp;qlt=50" loading="lazy" title="Typically fresh for 9 days"></picture></button></div></li></ul></div></ul></div><div class="co-item__col3 co-item__col3--rest-in-shelf"><div class="co-item__price-container co-item__price-container--rest-in-shelf"><span class="co-item__price-per-uom"><strong class="co-product__price"><span class="co-product__hidden-label"> now </span>£2.40</strong><p class="co-item__price-per-uom-msg"><span class="co-product__price-per-uom">(£6.00/kg)</span></p></span></div><div class="co-item__quantity-container co-item__quantity-container--rest-in-shelf"><div class="co-item__quantity-container"><div class="quantity-button"><div class="add-button-with-tooltip"><div class="tooltip-wrapper"><button data-auto-id="btnAdd" type="button" class="asda-btn asda-btn--primary asda-btn--fluid add-button" aria-label="Add item ASDA Seasoned Pork Sausage Meat to cart" data-di-id="di-id-bd5e14ce-b3d9e896">Add</button></div></div></div></div></div></div><div class="co-item__col4"><a class="asda-link asda-link--primary" data-auto-id="linkViewTheShelf" target="_self" href="/shelf/meat-poultry-fish/meat-poultry/bacon-sausages-gammon/sausages/1215135760597-910000975206-910000975529-1215665252350" data-di-id="di-id-80996c32-6b5533bf">View the shelf</a></div></div></div></li><li class=" co-item co-item--rest-in-shelf " style="order: 15;"><div><div class="co-product"><div class="co-item__col1 co-item__col1--rest-in-shelf"><button type="button" data-auto-id="linkProductImage" class="asda-link asda-link--primary asda-link--button" aria-disabled="false"><div class="thumbnail__image-container co-product__image co-product__image--rest-in-shelf co-item__image"><picture class="asda-image picture"><source type="image/webp" srcset="https://ui.assets-asda.com/dm/asdagroceries/5054070468654_Fresh_Icon?$ProdList2x$=&amp;fmt=webp&amp;qlt=50"><img alt="ASDA Succulent Extra Tasty Small Whole Chicken in a bag" class="asda-img asda-image thumbnail__image" data-auto-id="" src="https://ui.assets-asda.com/dm/asdagroceries/5054070468654_Fresh_Icon?$ProdList2x$=&amp;fmt=jpg&amp;qlt=50" loading="lazy" title="ASDA Succulent Extra Tasty Small Whole Chicken in a bag"></picture></div></button><div class="co-item__items-container"><div class="co-item-fsl__favourites-image-container co-item__items" role="presentation" data-auto-id="favouritesAndShoppingList"><div class="context-wrapper"><button data-auto-id="" type="button" class="asda-btn asda-btn--plain asda-btn--icon co-item-fsl__favourites-button" aria-label="options for favourite shopping list" aria-expanded="false"><span role="img" data-auto-id="" class="asda-icon asda-icon--white asda-icon--regular asda-icon--rotate0 co-item-fsl__favourites-image co-item__items"><svg viewBox="0 0 35 23" xmlns="http://www.w3.org/2000/svg" xmlns:xlink="http://www.w3.org/1999/xlink" data-di-res-id="13918406-a2ca061d" data-di-rand="1700859408955"><defs><path id="asda_fav_list_1" d="M7.02 2C7 2.344 7 2.685 7 3h6c0-.315 0-.656-.02-1H18c1 0 2 .784 2 1.667v17.667C20 22.167 19 23 18 23H2c-1 0-2-.833-2-1.666V3.667C0 2.833 1 2 2 2h5.02zM12 2H8c0-1 1-2 2-2s2 1 2 2zM7 17v2h10v-2H7zm-4-5v2h2v-2H3zm0-5v2h2V7H3zm0 10v2h2v-2H3zm4-5v2h10v-2H7zm0-5v2h10V7H7z"></path><path id="asda_fav_list_2" d="M24 21c-1.818-1.8-10-7.65-10-12.6C14 5.7 15.818 3 19 3c2 0 4 .82 5 3.295C25 3.82 27 3 29 3c3.182 0 5 2.7 5 5.4 0 4.95-8.182 10.8-10 12.6z"></path></defs><g class="asda-icon__draw" fill="none" fill-rule="evenodd"><use fill="#3d3d3d" xlink:href="#asda_fav_list_1"></use><use class="asda-icon__draw" fill="#FFF" stroke="#3d3d3d" stroke-width="1.9" xlink:href="#asda_fav_list_2"></use></g></svg></span></button></div></div><div class="co-item__volume-container co-item__items"><span class="co-product__volume co-item__volume">1.25kg    </span></div></div><div class="link-save-banner"><a class="link-save-banner-large__anchor link-save-banner-large__anchor--hyperlink" data-auto-id="linkPromoDetail" href="/promotion/2-for-8/ls92836" data-di-id="di-id-a30e8dee-4e34d33"><div class="link-save-banner-large__meat-sticker"><span class="link-save-banner-large__config link-save-banner-large__config--block link-save-banner-large__config--font-normal link-save-banner-large__config--center link-save-banner-large__config--height-normal">Any 2 for </span><span class="link-save-banner-large__config link-save-banner-large__config--block link-save-banner-large__config--font-huge link-save-banner-large__config--up-small">£8</span><span class="link-save-banner-large__view-all">View all</span></div></a></div></div><div class="co-item__col2 co-item__col2--rest-in-shelf"><div class="co-item__title-container co-item__title-container--rest-in-shelf"><h3 class="co-product__title"><a class="co-product__anchor" data-auto-id="linkProductTitle" href="/product/whole-chickens/asda-succulent-extra-tasty-small-whole-chicken-in-a-bag/910001518216" data-di-id="di-id-8b3bf486-a7932308">ASDA Succulent Extra Tasty Small Whole Chicken in a bag</a></h3></div><div class="co-item__rating-container"><button type="button" data-auto-id="linkProductRating" class="asda-link asda-link--primary asda-link--button co-product__rating" aria-disabled="false" aria-label="4.16 stars out of 5 based on 50+ reviews, you will be taken to the reviews on clicking this" data-di-id="di-id-f9fe053c-665ea5f8"><div class="rating-stars rating-stars--windows"><div class="rating-stars__stars rating-stars__stars--top" aria-hidden="true" style="width: 83.2%;"><span aria-hidden="true">★</span><span aria-hidden="true">★</span><span aria-hidden="true">★</span><span aria-hidden="true">★</span><span aria-hidden="true">★</span></div><div class="rating-stars__stars rating-stars__stars--bottom" aria-hidden="true"><span aria-hidden="true">☆</span><span aria-hidden="true">☆</span><span aria-hidden="true">☆</span><span aria-hidden="true">☆</span><span aria-hidden="true">☆</span></div></div><span class="co-product__review-count" aria-hidden="true">(50+)</span></button></div><div class="co-item__bundled-item-count-container"></div><div class="co-item__promo-container co-item__promo-container--rest-in-shelf"></div><ul></ul></div><div class="co-item__col3 co-item__col3--rest-in-shelf"><div class="co-item__price-container co-item__price-container--rest-in-shelf"><span class="co-item__price-per-uom"><strong class="co-product__price"><span class="co-product__hidden-label"> now </span>£4.40</strong><p class="co-item__price-per-uom-msg"><span class="co-product__price-per-uom">(£3.52/kg)</span></p></span></div><div class="co-item__quantity-container co-item__quantity-container--rest-in-shelf"><div class="co-item__quantity-container"><div class="quantity-button"><div class="add-button-with-tooltip"><div class="tooltip-wrapper"><button data-auto-id="btnAdd" type="button" class="asda-btn asda-btn--primary asda-btn--fluid add-button" aria-label="Add item ASDA Succulent Extra Tasty Small Whole Chicken in a bag to cart" data-di-id="di-id-bd5e14ce-b3d9e896">Add</button></div></div></div></div></div></div><div class="co-item__col4"><a class="asda-link asda-link--primary" data-auto-id="linkViewTheShelf" target="_self" href="/shelf/meat-poultry-fish/meat-poultry/chicken-turkey/whole-chickens/1215135760597-910000975206-910000975462-910000976537" data-di-id="di-id-f36189d6-9d5b7a59">View the shelf</a></div></div></div></li><li class=" co-item co-item--rest-in-shelf " style="order: 16;"><div><div class="co-product"><div class="co-item__col1 co-item__col1--rest-in-shelf"><button type="button" data-auto-id="linkProductImage" class="asda-link asda-link--primary asda-link--button" aria-disabled="false"><div class="thumbnail__image-container co-product__image co-product__image--rest-in-shelf co-item__image"><picture class="asda-image picture"><source type="image/webp" srcset="https://ui.assets-asda.com/dm/asdagroceries/5063089206027?$ProdList2x$=&amp;fmt=webp&amp;qlt=50"><img alt="JUST ESSENTIALS by ASDA 4 Breaded Fish Fillets 600g" class="asda-img asda-image thumbnail__image" data-auto-id="" src="https://ui.assets-asda.com/dm/asdagroceries/5063089206027?$ProdList2x$=&amp;fmt=jpg&amp;qlt=50" loading="lazy" title="JUST ESSENTIALS by ASDA 4 Breaded Fish Fillets 600g"></picture></div></button><div class="co-item__items-container"><div class="co-item-fsl__favourites-image-container co-item__items" role="presentation" data-auto-id="favouritesAndShoppingList"><div class="context-wrapper"><button data-auto-id="" type="button" class="asda-btn asda-btn--plain asda-btn--icon co-item-fsl__favourites-button" aria-label="options for favourite shopping list" aria-expanded="false"><span role="img" data-auto-id="" class="asda-icon asda-icon--white asda-icon--regular asda-icon--rotate0 co-item-fsl__favourites-image co-item__items"><svg viewBox="0 0 35 23" xmlns="http://www.w3.org/2000/svg" xmlns:xlink="http://www.w3.org/1999/xlink" data-di-res-id="1242be8-c68b9a13" data-di-rand="1700859408956"><defs><path id="asda_fav_list_1" d="M7.02 2C7 2.344 7 2.685 7 3h6c0-.315 0-.656-.02-1H18c1 0 2 .784 2 1.667v17.667C20 22.167 19 23 18 23H2c-1 0-2-.833-2-1.666V3.667C0 2.833 1 2 2 2h5.02zM12 2H8c0-1 1-2 2-2s2 1 2 2zM7 17v2h10v-2H7zm-4-5v2h2v-2H3zm0-5v2h2V7H3zm0 10v2h2v-2H3zm4-5v2h10v-2H7zm0-5v2h10V7H7z"></path><path id="asda_fav_list_2" d="M24 21c-1.818-1.8-10-7.65-10-12.6C14 5.7 15.818 3 19 3c2 0 4 .82 5 3.295C25 3.82 27 3 29 3c3.182 0 5 2.7 5 5.4 0 4.95-8.182 10.8-10 12.6z"></path></defs><g class="asda-icon__draw" fill="none" fill-rule="evenodd"><use fill="#3d3d3d" xlink:href="#asda_fav_list_1"></use><use class="asda-icon__draw" fill="#FFF" stroke="#3d3d3d" stroke-width="1.9" xlink:href="#asda_fav_list_2"></use></g></svg></span></button></div></div><div class="co-item__volume-container co-item__items"><span class="co-product__volume co-item__volume">600g      </span></div></div></div><div class="co-item__col2 co-item__col2--rest-in-shelf"><div class="co-item__title-container co-item__title-container--rest-in-shelf"><h3 class="co-product__title"><a class="co-product__anchor" data-auto-id="linkProductTitle" href="/product/breaded-fish-fishcakes/just-essentials-by-asda-4-breaded-fish-fillets-600-g/1000383181461" data-di-id="di-id-eba15298-56026a">JUST ESSENTIALS by ASDA 4 Breaded Fish Fillets 600g</a></h3></div><div class="co-item__rating-container"><button type="button" data-auto-id="linkProductRating" class="asda-link asda-link--primary asda-link--button co-product__rating" aria-disabled="false" aria-label="4.2 stars out of 5 based on 5 reviews, you will be taken to the reviews on clicking this" data-di-id="di-id-48b023cf-9b4cfd04"><div class="rating-stars rating-stars--windows"><div class="rating-stars__stars rating-stars__stars--top" aria-hidden="true" style="width: 84%;"><span aria-hidden="true">★</span><span aria-hidden="true">★</span><span aria-hidden="true">★</span><span aria-hidden="true">★</span><span aria-hidden="true">★</span></div><div class="rating-stars__stars rating-stars__stars--bottom" aria-hidden="true"><span aria-hidden="true">☆</span><span aria-hidden="true">☆</span><span aria-hidden="true">☆</span><span aria-hidden="true">☆</span><span aria-hidden="true">☆</span></div></div><span class="co-product__review-count" aria-hidden="true">(5)</span></button></div><div class="co-item__bundled-item-count-container"></div><div class="co-item__promo-container co-item__promo-container--rest-in-shelf"></div><ul></ul></div><div class="co-item__col3 co-item__col3--rest-in-shelf"><div class="co-item__price-container co-item__price-container--rest-in-shelf"><span class="co-item__price-per-uom"><strong class="co-product__price"><span class="co-product__hidden-label"> now </span>£3.39</strong><p class="co-item__price-per-uom-msg"><span class="co-product__price-per-uom">(£5.65/kg)</span></p></span></div><div class="co-item__quantity-container co-item__quantity-container--rest-in-shelf"><div class="co-item__quantity-container"><div class="quantity-button"><div class="add-button-with-tooltip"><div class="tooltip-wrapper"><button data-auto-id="btnAdd" type="button" class="asda-btn asda-btn--primary asda-btn--fluid add-button" aria-label="Add item JUST ESSENTIALS by ASDA 4 Breaded Fish Fillets 600g to cart" data-di-id="di-id-bd5e14ce-b3d9e896">Add</button></div></div></div></div></div></div><div class="co-item__col4"><a class="asda-link asda-link--primary" data-auto-id="linkViewTheShelf" target="_self" href="/aisle/meat-poultry-fish/fish-seafood/breaded-fish-fishcakes/1215135760597-1215337195095-1215685462261" data-di-id="di-id-b88f03a4-60fdf865">View the shelf</a></div></div></div></li><li class=" co-item co-item--rest-in-shelf " style="order: 17;"><div><div class="co-product"><div class="co-item__col1 co-item__col1--rest-in-shelf"><button type="button" data-auto-id="linkProductImage" class="asda-link asda-link--primary asda-link--button" aria-disabled="false"><div class="thumbnail__image-container co-product__image co-product__image--rest-in-shelf co-item__image"><picture class="asda-image picture"><source type="image/webp" srcset="https://ui.assets-asda.com/dm/asdagroceries/5057172354801_Fresh_Icon?$ProdList2x$=&amp;fmt=webp&amp;qlt=50"><img alt="ASDA Succulent Large Chicken" class="asda-img asda-image thumbnail__image" data-auto-id="" src="https://ui.assets-asda.com/dm/asdagroceries/5057172354801_Fresh_Icon?$ProdList2x$=&amp;fmt=jpg&amp;qlt=50" loading="lazy" title="ASDA Succulent Large Chicken"></picture></div></button><div class="co-item__items-container"><div class="co-item-fsl__favourites-image-container co-item__items" role="presentation" data-auto-id="favouritesAndShoppingList"><div class="context-wrapper"><button data-auto-id="" type="button" class="asda-btn asda-btn--plain asda-btn--icon co-item-fsl__favourites-button" aria-label="options for favourite shopping list" aria-expanded="false"><span role="img" data-auto-id="" class="asda-icon asda-icon--white asda-icon--regular asda-icon--rotate0 co-item-fsl__favourites-image co-item__items"><svg viewBox="0 0 35 23" xmlns="http://www.w3.org/2000/svg" xmlns:xlink="http://www.w3.org/1999/xlink" data-di-res-id="f0309e49-7392fa12" data-di-rand="1700859408956"><defs><path id="asda_fav_list_1" d="M7.02 2C7 2.344 7 2.685 7 3h6c0-.315 0-.656-.02-1H18c1 0 2 .784 2 1.667v17.667C20 22.167 19 23 18 23H2c-1 0-2-.833-2-1.666V3.667C0 2.833 1 2 2 2h5.02zM12 2H8c0-1 1-2 2-2s2 1 2 2zM7 17v2h10v-2H7zm-4-5v2h2v-2H3zm0-5v2h2V7H3zm0 10v2h2v-2H3zm4-5v2h10v-2H7zm0-5v2h10V7H7z"></path><path id="asda_fav_list_2" d="M24 21c-1.818-1.8-10-7.65-10-12.6C14 5.7 15.818 3 19 3c2 0 4 .82 5 3.295C25 3.82 27 3 29 3c3.182 0 5 2.7 5 5.4 0 4.95-8.182 10.8-10 12.6z"></path></defs><g class="asda-icon__draw" fill="none" fill-rule="evenodd"><use fill="#3d3d3d" xlink:href="#asda_fav_list_1"></use><use class="asda-icon__draw" fill="#FFF" stroke="#3d3d3d" stroke-width="1.9" xlink:href="#asda_fav_list_2"></use></g></svg></span></button></div></div><div class="co-item__volume-container co-item__items"><span class="co-product__volume co-item__volume">1.70kg    </span></div></div></div><div class="co-item__col2 co-item__col2--rest-in-shelf co-item__col2--has-icon-list"><div class="co-item__title-container co-item__title-container--rest-in-shelf"><h3 class="co-product__title"><a class="co-product__anchor" data-auto-id="linkProductTitle" href="/product/whole-chickens/asda-succulent-large-chicken/1000231766406" data-di-id="di-id-c194c2a3-79ae85bf">ASDA Succulent Large Chicken</a></h3></div><div class="co-item__rating-container"><button type="button" data-auto-id="linkProductRating" class="asda-link asda-link--primary asda-link--button co-product__rating" aria-disabled="false" aria-label="3.73 stars out of 5 based on 50+ reviews, you will be taken to the reviews on clicking this" data-di-id="di-id-f9fe053c-665ea5f8"><div class="rating-stars rating-stars--windows"><div class="rating-stars__stars rating-stars__stars--top" aria-hidden="true" style="width: 74.6%;"><span aria-hidden="true">★</span><span aria-hidden="true">★</span><span aria-hidden="true">★</span><span aria-hidden="true">★</span><span aria-hidden="true">★</span></div><div class="rating-stars__stars rating-stars__stars--bottom" aria-hidden="true"><span aria-hidden="true">☆</span><span aria-hidden="true">☆</span><span aria-hidden="true">☆</span><span aria-hidden="true">☆</span><span aria-hidden="true">☆</span></div></div><span class="co-product__review-count" aria-hidden="true">(50+)</span></button></div><div class="co-item__bundled-item-count-container"></div><div class="co-item__promo-container co-item__promo-container--rest-in-shelf"><span data-auto-id="secondaryPromoBanner" class="co-product__promo co-product__promo--great-offers co-product__promo--rest-in-shelf" title="Great offers"><span class="co-product__promo-text">Great offers</span></span></div><ul><div class="co-item__icon-list-container"><ul class="co-product__promo-icon-list co-item__promo-icon-list co-item__promo-icon-list--list-position"><li class="co-product__promo-icon-item"><div class="co-product__promo-icon-image-cntr"><button data-auto-id="btnPromo" type="button" class="asda-btn asda-btn--plain co-product__promo-icon-button" aria-label="show information on M&amp;S Taste Match"><picture class="asda-image picture"><source srcset="https://ui.assets-asda.com/dm/M-S-Taste-Match-Icon?$Icon-wapp2x$=&amp;qlt=50"><img alt="M&amp;S Taste Match" class="asda-img asda-image co-product__promo-icon-img" data-auto-id="" src="https://ui.assets-asda.com/dm/M-S-Taste-Match-Icon?$Icon-wapp2x$=&amp;qlt=50" loading="lazy" title="M&amp;S Taste Match"></picture></button></div></li></ul></div></ul></div><div class="co-item__col3 co-item__col3--rest-in-shelf"><div class="co-item__price-container co-item__price-container--rest-in-shelf"><div><span class="co-product__was-price"><span class="co-product__hidden-label">was &nbsp;</span>£5.40</span><strong class="co-product__price"><span class="co-product__hidden-label"> now </span>£3.60</strong><p class="co-item__price-per-uom-msg"><span class="co-product__price-per-uom">(£2.12/kg)</span></p></div></div><div class="co-item__quantity-container co-item__quantity-container--rest-in-shelf"><div class="co-item__quantity-container"><div class="quantity-button"><div class="add-button-with-tooltip"><div class="tooltip-wrapper"><button data-auto-id="btnAdd" type="button" class="asda-btn asda-btn--primary asda-btn--fluid add-button" aria-label="Add item ASDA Succulent Large Chicken to cart" data-di-id="di-id-bd5e14ce-b3d9e896">Add</button></div></div></div></div></div></div><div class="co-item__col4"><a class="asda-link asda-link--primary" data-auto-id="linkViewTheShelf" target="_self" href="/shelf/meat-poultry-fish/meat-poultry/chicken-turkey/whole-chickens/1215135760597-910000975206-910000975462-910000976537" data-di-id="di-id-f36189d6-9d5b7a59">View the shelf</a></div></div></div></li><li class=" co-item co-item--rest-in-shelf " style="order: 18;"><div><div class="co-product"><div class="co-item__col1 co-item__col1--rest-in-shelf"><button type="button" data-auto-id="linkProductImage" class="asda-link asda-link--primary asda-link--button" aria-disabled="false"><div class="thumbnail__image-container co-product__image co-product__image--rest-in-shelf co-item__image"><picture class="asda-image picture"><source type="image/webp" srcset="https://ui.assets-asda.com/dm/asdagroceries/5057172295067?$ProdList2x$=&amp;fmt=webp&amp;qlt=50"><img alt="ASDA Extra Special Yorkshire Bred Pepper &amp; Thyme Pork Loin Medallions 400g" class="asda-img asda-image thumbnail__image" data-auto-id="" src="https://ui.assets-asda.com/dm/asdagroceries/5057172295067?$ProdList2x$=&amp;fmt=jpg&amp;qlt=50" loading="lazy" title="ASDA Extra Special Yorkshire Bred Pepper &amp; Thyme Pork Loin Medallions 400g"></picture></div></button><div class="co-item__items-container"><div class="co-item-fsl__favourites-image-container co-item__items" role="presentation" data-auto-id="favouritesAndShoppingList"><div class="context-wrapper"><button data-auto-id="" type="button" class="asda-btn asda-btn--plain asda-btn--icon co-item-fsl__favourites-button" aria-label="options for favourite shopping list" aria-expanded="false"><span role="img" data-auto-id="" class="asda-icon asda-icon--white asda-icon--regular asda-icon--rotate0 co-item-fsl__favourites-image co-item__items"><svg viewBox="0 0 35 23" xmlns="http://www.w3.org/2000/svg" xmlns:xlink="http://www.w3.org/1999/xlink" data-di-res-id="b9984c8d-c52f3793" data-di-rand="1700859408957"><defs><path id="asda_fav_list_1" d="M7.02 2C7 2.344 7 2.685 7 3h6c0-.315 0-.656-.02-1H18c1 0 2 .784 2 1.667v17.667C20 22.167 19 23 18 23H2c-1 0-2-.833-2-1.666V3.667C0 2.833 1 2 2 2h5.02zM12 2H8c0-1 1-2 2-2s2 1 2 2zM7 17v2h10v-2H7zm-4-5v2h2v-2H3zm0-5v2h2V7H3zm0 10v2h2v-2H3zm4-5v2h10v-2H7zm0-5v2h10V7H7z"></path><path id="asda_fav_list_2" d="M24 21c-1.818-1.8-10-7.65-10-12.6C14 5.7 15.818 3 19 3c2 0 4 .82 5 3.295C25 3.82 27 3 29 3c3.182 0 5 2.7 5 5.4 0 4.95-8.182 10.8-10 12.6z"></path></defs><g class="asda-icon__draw" fill="none" fill-rule="evenodd"><use fill="#3d3d3d" xlink:href="#asda_fav_list_1"></use><use class="asda-icon__draw" fill="#FFF" stroke="#3d3d3d" stroke-width="1.9" xlink:href="#asda_fav_list_2"></use></g></svg></span></button></div></div><div class="co-item__volume-container co-item__items"><span class="co-product__volume co-item__volume">400g      </span></div></div></div><div class="co-item__col2 co-item__col2--rest-in-shelf co-item__col2--has-icon-list"><div class="co-item__title-container co-item__title-container--rest-in-shelf"><h3 class="co-product__title"><a class="co-product__anchor" data-auto-id="linkProductTitle" href="/product/pork-chops-steaks/asda-extra-special-yorkshire-bred-pepper-thyme-pork-loin-medallions-400-g/1000196707135" data-di-id="di-id-f16cd175-d00c97cb">ASDA Extra Special Yorkshire Bred Pepper &amp; Thyme Pork Loin Medallions 400g</a></h3></div><div class="co-item__rating-container"><button type="button" data-auto-id="linkProductRating" class="asda-link asda-link--primary asda-link--button co-product__rating" aria-disabled="false" aria-label="4.64 stars out of 5 based on 22 reviews, you will be taken to the reviews on clicking this" data-di-id="di-id-f9fe053c-8e8357fe"><div class="rating-stars rating-stars--windows"><div class="rating-stars__stars rating-stars__stars--top" aria-hidden="true" style="width: 92.8%;"><span aria-hidden="true">★</span><span aria-hidden="true">★</span><span aria-hidden="true">★</span><span aria-hidden="true">★</span><span aria-hidden="true">★</span></div><div class="rating-stars__stars rating-stars__stars--bottom" aria-hidden="true"><span aria-hidden="true">☆</span><span aria-hidden="true">☆</span><span aria-hidden="true">☆</span><span aria-hidden="true">☆</span><span aria-hidden="true">☆</span></div></div><span class="co-product__review-count" aria-hidden="true">(22)</span></button></div><div class="co-item__bundled-item-count-container"></div><div class="co-item__promo-container co-item__promo-container--rest-in-shelf"></div><ul><div class="co-item__icon-list-container"><ul class="co-product__promo-icon-list co-item__promo-icon-list co-item__promo-icon-list--list-position"><li class="co-product__promo-icon-item"><div class="co-product__promo-icon-image-cntr"><button data-auto-id="btnPromo" type="button" class="asda-btn asda-btn--plain co-product__promo-icon-button" aria-label="show information on M&amp;S Taste Match"><picture class="asda-image picture"><source srcset="https://ui.assets-asda.com/dm/M-S-Taste-Match-Icon?$Icon-wapp2x$=&amp;qlt=50"><img alt="M&amp;S Taste Match" class="asda-img asda-image co-product__promo-icon-img" data-auto-id="" src="https://ui.assets-asda.com/dm/M-S-Taste-Match-Icon?$Icon-wapp2x$=&amp;qlt=50" loading="lazy" title="M&amp;S Taste Match"></picture></button></div></li></ul></div></ul></div><div class="co-item__col3 co-item__col3--rest-in-shelf"><div class="co-item__price-container co-item__price-container--rest-in-shelf"><span class="co-item__price-per-uom"><strong class="co-product__price"><span class="co-product__hidden-label"> now </span>£5.00</strong><p class="co-item__price-per-uom-msg"><span class="co-product__price-per-uom">(£12.50/kg)</span></p></span></div><div class="co-item__quantity-container co-item__quantity-container--rest-in-shelf"><div class="co-item__quantity-container"><div class="quantity-button"><div class="add-button-with-tooltip"><div class="tooltip-wrapper"><button data-auto-id="btnAdd" type="button" class="asda-btn asda-btn--primary asda-btn--fluid add-button" aria-label="Add item ASDA Extra Special Yorkshire Bred Pepper &amp; Thyme Pork Loin Medallions 400g to cart" data-di-id="di-id-bd5e14ce-b3d9e896">Add</button></div></div></div></div></div></div><div class="co-item__col4"><a class="asda-link asda-link--primary" data-auto-id="linkViewTheShelf" target="_self" href="/shelf/meat-poultry-fish/meat-poultry/pork/pork-chops-steaks/1215135760597-910000975206-910000975676-910001112627" data-di-id="di-id-e6b55506-a5e94f9c">View the shelf</a></div></div></div></li><li class=" co-item co-item--rest-in-shelf " style="order: 19;"><div><div class="co-product"><div class="co-item__col1 co-item__col1--rest-in-shelf"><button type="button" data-auto-id="linkProductImage" class="asda-link asda-link--primary asda-link--button" aria-disabled="false"><div class="thumbnail__image-container co-product__image co-product__image--rest-in-shelf co-item__image"><picture class="asda-image picture"><source type="image/webp" srcset="https://ui.assets-asda.com/dm/asdagroceries/5060048300369?$ProdList2x$=&amp;fmt=webp&amp;qlt=50"><img alt="Wicks Manor Olde English Sausage Meat" class="asda-img asda-image thumbnail__image" data-auto-id="" src="https://ui.assets-asda.com/dm/asdagroceries/5060048300369?$ProdList2x$=&amp;fmt=jpg&amp;qlt=50" loading="lazy" title="Wicks Manor Olde English Sausage Meat"></picture></div></button><div class="co-item__items-container"><div class="co-item-fsl__favourites-image-container co-item__items" role="presentation" data-auto-id="favouritesAndShoppingList"><div class="context-wrapper"><button data-auto-id="" type="button" class="asda-btn asda-btn--plain asda-btn--icon co-item-fsl__favourites-button" aria-label="options for favourite shopping list" aria-expanded="false"><span role="img" data-auto-id="" class="asda-icon asda-icon--white asda-icon--regular asda-icon--rotate0 co-item-fsl__favourites-image co-item__items"><svg viewBox="0 0 35 23" xmlns="http://www.w3.org/2000/svg" xmlns:xlink="http://www.w3.org/1999/xlink" data-di-res-id="e53b2f21-67f4a317" data-di-rand="1700859408958"><defs><path id="asda_fav_list_1" d="M7.02 2C7 2.344 7 2.685 7 3h6c0-.315 0-.656-.02-1H18c1 0 2 .784 2 1.667v17.667C20 22.167 19 23 18 23H2c-1 0-2-.833-2-1.666V3.667C0 2.833 1 2 2 2h5.02zM12 2H8c0-1 1-2 2-2s2 1 2 2zM7 17v2h10v-2H7zm-4-5v2h2v-2H3zm0-5v2h2V7H3zm0 10v2h2v-2H3zm4-5v2h10v-2H7zm0-5v2h10V7H7z"></path><path id="asda_fav_list_2" d="M24 21c-1.818-1.8-10-7.65-10-12.6C14 5.7 15.818 3 19 3c2 0 4 .82 5 3.295C25 3.82 27 3 29 3c3.182 0 5 2.7 5 5.4 0 4.95-8.182 10.8-10 12.6z"></path></defs><g class="asda-icon__draw" fill="none" fill-rule="evenodd"><use fill="#3d3d3d" xlink:href="#asda_fav_list_1"></use><use class="asda-icon__draw" fill="#FFF" stroke="#3d3d3d" stroke-width="1.9" xlink:href="#asda_fav_list_2"></use></g></svg></span></button></div></div><div class="co-item__volume-container co-item__items"><span class="co-product__volume co-item__volume">454g      </span></div></div></div><div class="co-item__col2 co-item__col2--rest-in-shelf co-item__col2--has-icon-list"><div class="co-item__title-container co-item__title-container--rest-in-shelf"><h3 class="co-product__title"><a class="co-product__anchor" data-auto-id="linkProductTitle" href="/product/sausages/wicks-manor-olde-english-sausage-meat/1000000407504" data-di-id="di-id-39cd4d70-3d118c8e">Wicks Manor Olde English Sausage Meat</a></h3></div><div class="co-item__rating-container"><button type="button" data-auto-id="linkProductRating" class="asda-link asda-link--primary asda-link--button co-product__rating" aria-disabled="false" aria-label="4.67 stars out of 5 based on 6 reviews, you will be taken to the reviews on clicking this" data-di-id="di-id-48b023cf-b061aec7"><div class="rating-stars rating-stars--windows"><div class="rating-stars__stars rating-stars__stars--top" aria-hidden="true" style="width: 93.4%;"><span aria-hidden="true">★</span><span aria-hidden="true">★</span><span aria-hidden="true">★</span><span aria-hidden="true">★</span><span aria-hidden="true">★</span></div><div class="rating-stars__stars rating-stars__stars--bottom" aria-hidden="true"><span aria-hidden="true">☆</span><span aria-hidden="true">☆</span><span aria-hidden="true">☆</span><span aria-hidden="true">☆</span><span aria-hidden="true">☆</span></div></div><span class="co-product__review-count" aria-hidden="true">(6)</span></button></div><div class="co-item__bundled-item-count-container"></div><div class="co-item__promo-container co-item__promo-container--rest-in-shelf"><span data-auto-id="secondaryPromoBanner" class="co-product__promo co-product__promo--great-offers co-product__promo--rest-in-shelf" title="Great offers"><span class="co-product__promo-text">Great offers</span></span></div><ul><div class="co-item__icon-list-container"><ul class="co-product__promo-icon-list co-item__promo-icon-list co-item__promo-icon-list--list-position"><li class="co-product__promo-icon-item"><div class="co-product__promo-icon-image-cntr"><button data-auto-id="btnPromo" type="button" class="asda-btn asda-btn--plain co-product__promo-icon-button" aria-label="show information on Typically fresh for 6 days"><picture class="asda-image picture"><source srcset="https://ui.assets-asda.com/dm/produce-6-days-icon?$Icon-wapp2x$=&amp;qlt=50"><img alt="Typically fresh for 6 days" class="asda-img asda-image co-product__promo-icon-img" data-auto-id="" src="https://ui.assets-asda.com/dm/produce-6-days-icon?$Icon-wapp2x$=&amp;qlt=50" loading="lazy" title="Typically fresh for 6 days"></picture></button></div></li></ul></div></ul></div><div class="co-item__col3 co-item__col3--rest-in-shelf"><div class="co-item__price-container co-item__price-container--rest-in-shelf"><div><span class="co-product__was-price"><span class="co-product__hidden-label">was &nbsp;</span>£3.00</span><strong class="co-product__price"><span class="co-product__hidden-label"> now </span>£2.69</strong><p class="co-item__price-per-uom-msg"><span class="co-product__price-per-uom">(£5.93/kg)</span></p></div></div><div class="co-item__quantity-container co-item__quantity-container--rest-in-shelf"><div class="co-item__quantity-container"><div class="quantity-button"><div class="add-button-with-tooltip"><div class="tooltip-wrapper"><button data-auto-id="btnAdd" type="button" class="asda-btn asda-btn--primary asda-btn--fluid add-button" aria-label="Add item Wicks Manor Olde English Sausage Meat to cart" data-di-id="di-id-bd5e14ce-b3d9e896">Add</button></div></div></div></div></div></div><div class="co-item__col4"><a class="asda-link asda-link--primary" data-auto-id="linkViewTheShelf" target="_self" href="/shelf/meat-poultry-fish/meat-poultry/bacon-sausages-gammon/sausages/1215135760597-910000975206-910000975529-1215665252350" data-di-id="di-id-80996c32-6b5533bf">View the shelf</a></div></div></div></li><li class=" co-item co-item--rest-in-shelf " style="order: 20;"><div><div class="co-product"><div class="co-item__col1 co-item__col1--rest-in-shelf"><button type="button" data-auto-id="linkProductImage" class="asda-link asda-link--primary asda-link--button" aria-disabled="false"><div class="thumbnail__image-container co-product__image co-product__image--rest-in-shelf co-item__image"><picture class="asda-image picture"><source type="image/webp" srcset="https://ui.assets-asda.com/dm/asdagroceries/5052449274912?$ProdList2x$=&amp;fmt=webp&amp;qlt=50"><img alt="ASDA Delicate 2 Smoked Basa Fillets" class="asda-img asda-image thumbnail__image" data-auto-id="" src="https://ui.assets-asda.com/dm/asdagroceries/5052449274912?$ProdList2x$=&amp;fmt=jpg&amp;qlt=50" loading="lazy" title="ASDA Delicate 2 Smoked Basa Fillets"></picture></div></button><div class="co-item__items-container"><div class="co-item-fsl__favourites-image-container co-item__items" role="presentation" data-auto-id="favouritesAndShoppingList"><div class="context-wrapper"><button data-auto-id="" type="button" class="asda-btn asda-btn--plain asda-btn--icon co-item-fsl__favourites-button" aria-label="options for favourite shopping list" aria-expanded="false"><span role="img" data-auto-id="" class="asda-icon asda-icon--white asda-icon--regular asda-icon--rotate0 co-item-fsl__favourites-image co-item__items"><svg viewBox="0 0 35 23" xmlns="http://www.w3.org/2000/svg" xmlns:xlink="http://www.w3.org/1999/xlink" data-di-res-id="e1fb5cdb-e1e71e6a" data-di-rand="1700859408958"><defs><path id="asda_fav_list_1" d="M7.02 2C7 2.344 7 2.685 7 3h6c0-.315 0-.656-.02-1H18c1 0 2 .784 2 1.667v17.667C20 22.167 19 23 18 23H2c-1 0-2-.833-2-1.666V3.667C0 2.833 1 2 2 2h5.02zM12 2H8c0-1 1-2 2-2s2 1 2 2zM7 17v2h10v-2H7zm-4-5v2h2v-2H3zm0-5v2h2V7H3zm0 10v2h2v-2H3zm4-5v2h10v-2H7zm0-5v2h10V7H7z"></path><path id="asda_fav_list_2" d="M24 21c-1.818-1.8-10-7.65-10-12.6C14 5.7 15.818 3 19 3c2 0 4 .82 5 3.295C25 3.82 27 3 29 3c3.182 0 5 2.7 5 5.4 0 4.95-8.182 10.8-10 12.6z"></path></defs><g class="asda-icon__draw" fill="none" fill-rule="evenodd"><use fill="#3d3d3d" xlink:href="#asda_fav_list_1"></use><use class="asda-icon__draw" fill="#FFF" stroke="#3d3d3d" stroke-width="1.9" xlink:href="#asda_fav_list_2"></use></g></svg></span></button></div></div><div class="co-item__volume-container co-item__items"><span class="co-product__volume co-item__volume">230g      </span></div></div><div class="link-save-banner"><a class="link-save-banner-large__anchor link-save-banner-large__anchor--hyperlink" data-auto-id="linkPromoDetail" href="/promotion/2-for-5/ls92436" data-di-id="di-id-a30e8dee-a87ed35"><div class="link-save-banner-large__meat-sticker"><span class="link-save-banner-large__config link-save-banner-large__config--block link-save-banner-large__config--font-normal link-save-banner-large__config--center link-save-banner-large__config--height-normal">Any 2 for </span><span class="link-save-banner-large__config link-save-banner-large__config--block link-save-banner-large__config--font-huge link-save-banner-large__config--up-small">£5</span><span class="link-save-banner-large__view-all">View all</span></div></a></div></div><div class="co-item__col2 co-item__col2--rest-in-shelf co-item__col2--has-icon-list"><div class="co-item__title-container co-item__title-container--rest-in-shelf"><h3 class="co-product__title"><a class="co-product__anchor" data-auto-id="linkProductTitle" href="/product/cod-haddock-white-fish/asda-delicate-2-smoked-basa-fillets/910000454813" data-di-id="di-id-c762e7-20f1f37e">ASDA Delicate 2 Smoked Basa Fillets</a></h3></div><div class="co-item__rating-container"><button type="button" data-auto-id="linkProductRating" class="asda-link asda-link--primary asda-link--button co-product__rating" aria-disabled="false" aria-label="4.39 stars out of 5 based on 50+ reviews, you will be taken to the reviews on clicking this" data-di-id="di-id-f9fe053c-665ea5f8"><div class="rating-stars rating-stars--windows"><div class="rating-stars__stars rating-stars__stars--top" aria-hidden="true" style="width: 87.8%;"><span aria-hidden="true">★</span><span aria-hidden="true">★</span><span aria-hidden="true">★</span><span aria-hidden="true">★</span><span aria-hidden="true">★</span></div><div class="rating-stars__stars rating-stars__stars--bottom" aria-hidden="true"><span aria-hidden="true">☆</span><span aria-hidden="true">☆</span><span aria-hidden="true">☆</span><span aria-hidden="true">☆</span><span aria-hidden="true">☆</span></div></div><span class="co-product__review-count" aria-hidden="true">(50+)</span></button></div><div class="co-item__bundled-item-count-container"></div><div class="co-item__promo-container co-item__promo-container--rest-in-shelf"></div><ul><div class="co-item__icon-list-container"><ul class="co-product__promo-icon-list co-item__promo-icon-list co-item__promo-icon-list--list-position"><li class="co-product__promo-icon-item"><div class="co-product__promo-icon-image-cntr"><button data-auto-id="btnPromo" type="button" class="asda-btn asda-btn--plain co-product__promo-icon-button" aria-label="show information on Typically fresh for 5 days"><picture class="asda-image picture"><source srcset="https://ui.assets-asda.com/dm/produce-5-days-icon?$Icon-wapp2x$=&amp;qlt=50"><img alt="Typically fresh for 5 days" class="asda-img asda-image co-product__promo-icon-img" data-auto-id="" src="https://ui.assets-asda.com/dm/produce-5-days-icon?$Icon-wapp2x$=&amp;qlt=50" loading="lazy" title="Typically fresh for 5 days"></picture></button></div></li></ul></div></ul></div><div class="co-item__col3 co-item__col3--rest-in-shelf"><div class="co-item__price-container co-item__price-container--rest-in-shelf"><span class="co-item__price-per-uom"><strong class="co-product__price"><span class="co-product__hidden-label"> now </span>£2.75</strong><p class="co-item__price-per-uom-msg"><span class="co-product__price-per-uom">(£11.96/kg)</span></p></span></div><div class="co-item__quantity-container co-item__quantity-container--rest-in-shelf"><div class="co-item__quantity-container"><div class="quantity-button"><div class="add-button-with-tooltip"><div class="tooltip-wrapper"><button data-auto-id="btnAdd" type="button" class="asda-btn asda-btn--primary asda-btn--fluid add-button" aria-label="Add item ASDA Delicate 2 Smoked Basa Fillets to cart" data-di-id="di-id-bd5e14ce-b3d9e896">Add</button></div></div></div></div></div></div><div class="co-item__col4"><a class="asda-link asda-link--primary" data-auto-id="linkViewTheShelf" target="_self" href="/aisle/meat-poultry-fish/fish-seafood/cod-haddock-white-fish/1215135760597-1215337195095-1215685901161" data-di-id="di-id-b88f03a4-7ac89c7f">View the shelf</a></div></div></div></li><li class=" co-item co-item--rest-in-shelf " style="order: 21;"><div><div class="co-product"><div class="co-item__col1 co-item__col1--rest-in-shelf"><button type="button" data-auto-id="linkProductImage" class="asda-link asda-link--primary asda-link--button" aria-disabled="false"><div class="thumbnail__image-container co-product__image co-product__image--rest-in-shelf co-item__image"><picture class="asda-image picture"><source type="image/webp" srcset="https://ui.assets-asda.com/dm/asdagroceries/0223300000000?$ProdList2x$=&amp;fmt=webp&amp;qlt=50"><img alt="ASDA Extra Special Ultimate Yorkshire Bred Crackling Pork Loin Joint (Typically 1.365kg)" class="asda-img asda-image thumbnail__image" data-auto-id="" src="https://ui.assets-asda.com/dm/asdagroceries/0223300000000?$ProdList2x$=&amp;fmt=jpg&amp;qlt=50" loading="lazy" title="ASDA Extra Special Ultimate Yorkshire Bred Crackling Pork Loin Joint (Typically 1.365kg)"></picture></div></button><div class="co-item__items-container"><div class="co-item-fsl__favourites-image-container co-item__items" role="presentation" data-auto-id="favouritesAndShoppingList"><div class="context-wrapper"><button data-auto-id="" type="button" class="asda-btn asda-btn--plain asda-btn--icon co-item-fsl__favourites-button" aria-label="options for favourite shopping list" aria-expanded="false"><span role="img" data-auto-id="" class="asda-icon asda-icon--white asda-icon--regular asda-icon--rotate0 co-item-fsl__favourites-image co-item__items"><svg viewBox="0 0 35 23" xmlns="http://www.w3.org/2000/svg" xmlns:xlink="http://www.w3.org/1999/xlink" data-di-res-id="59473bbe-7b020719" data-di-rand="1700859408959"><defs><path id="asda_fav_list_1" d="M7.02 2C7 2.344 7 2.685 7 3h6c0-.315 0-.656-.02-1H18c1 0 2 .784 2 1.667v17.667C20 22.167 19 23 18 23H2c-1 0-2-.833-2-1.666V3.667C0 2.833 1 2 2 2h5.02zM12 2H8c0-1 1-2 2-2s2 1 2 2zM7 17v2h10v-2H7zm-4-5v2h2v-2H3zm0-5v2h2V7H3zm0 10v2h2v-2H3zm4-5v2h10v-2H7zm0-5v2h10V7H7z"></path><path id="asda_fav_list_2" d="M24 21c-1.818-1.8-10-7.65-10-12.6C14 5.7 15.818 3 19 3c2 0 4 .82 5 3.295C25 3.82 27 3 29 3c3.182 0 5 2.7 5 5.4 0 4.95-8.182 10.8-10 12.6z"></path></defs><g class="asda-icon__draw" fill="none" fill-rule="evenodd"><use fill="#3d3d3d" xlink:href="#asda_fav_list_1"></use><use class="asda-icon__draw" fill="#FFF" stroke="#3d3d3d" stroke-width="1.9" xlink:href="#asda_fav_list_2"></use></g></svg></span></button></div></div><div class="co-item__volume-container co-item__items"><span class="co-product__volume co-item__volume">per kg    </span></div></div></div><div class="co-item__col2 co-item__col2--rest-in-shelf co-item__col2--has-icon-list"><div class="co-item__title-container co-item__title-container--rest-in-shelf"><h3 class="co-product__title"><a class="co-product__anchor" data-auto-id="linkProductTitle" href="/product/pork-chops-steaks/asda-extra-special-ultimate-yorkshire-bred-crackling-pork-loin-joint-typically-1-365-kg/1000383117296" data-di-id="di-id-37e0dc0b-776e4e45">ASDA Extra Special Ultimate Yorkshire Bred Crackling Pork Loin Joint (Typically 1.365kg)</a></h3></div><div class="co-item__rating-container"><button type="button" data-auto-id="linkProductRating" class="asda-link asda-link--primary asda-link--button co-product__rating" aria-disabled="false" aria-label="4.67 stars out of 5 based on 12 reviews, you will be taken to the reviews on clicking this" data-di-id="di-id-f9fe053c-8cc5e9a7"><div class="rating-stars rating-stars--windows"><div class="rating-stars__stars rating-stars__stars--top" aria-hidden="true" style="width: 93.4%;"><span aria-hidden="true">★</span><span aria-hidden="true">★</span><span aria-hidden="true">★</span><span aria-hidden="true">★</span><span aria-hidden="true">★</span></div><div class="rating-stars__stars rating-stars__stars--bottom" aria-hidden="true"><span aria-hidden="true">☆</span><span aria-hidden="true">☆</span><span aria-hidden="true">☆</span><span aria-hidden="true">☆</span><span aria-hidden="true">☆</span></div></div><span class="co-product__review-count" aria-hidden="true">(12)</span></button></div><div class="co-item__bundled-item-count-container"></div><div class="co-item__promo-container co-item__promo-container--rest-in-shelf"></div><ul><div class="co-item__icon-list-container"><ul class="co-product__promo-icon-list co-item__promo-icon-list co-item__promo-icon-list--list-position"><li class="co-product__promo-icon-item"><div class="co-product__promo-icon-image-cntr"><button data-auto-id="btnPromo" type="button" class="asda-btn asda-btn--plain co-product__promo-icon-button" aria-label="show information on Typically fresh for 4 days"><picture class="asda-image picture"><source srcset="https://ui.assets-asda.com/dm/produce-4-days-icon?$Icon-wapp2x$=&amp;qlt=50"><img alt="Typically fresh for 4 days" class="asda-img asda-image co-product__promo-icon-img" data-auto-id="" src="https://ui.assets-asda.com/dm/produce-4-days-icon?$Icon-wapp2x$=&amp;qlt=50" loading="lazy" title="Typically fresh for 4 days"></picture></button></div></li></ul></div></ul></div><div class="co-item__col3 co-item__col3--rest-in-shelf"><div class="co-item__price-container co-item__price-container--rest-in-shelf"><span class="co-item__price-per-uom"><strong class="co-product__price"><span class="co-product__hidden-label"> now </span>£10.24</strong><p class="co-item__price-per-uom-msg"><span class="co-product__price-per-uom">(£7.50/kg)</span></p></span></div><div class="co-item__quantity-container co-item__quantity-container--rest-in-shelf"><div class="co-item__quantity-container"><div class="quantity-button"><div class="add-button-with-tooltip"><div class="tooltip-wrapper"><button data-auto-id="btnAdd" type="button" class="asda-btn asda-btn--primary asda-btn--fluid add-button" aria-label="Add item ASDA Extra Special Ultimate Yorkshire Bred Crackling Pork Loin Joint (Typically 1.365kg) to cart" data-di-id="di-id-bd5e14ce-b3d9e896">Add</button></div></div></div></div></div></div><div class="co-item__col4"><a class="asda-link asda-link--primary" data-auto-id="linkViewTheShelf" target="_self" href="/shelf/meat-poultry-fish/meat-poultry/pork/pork-chops-steaks/1215135760597-910000975206-910000975676-910001112627" data-di-id="di-id-e6b55506-a5e94f9c">View the shelf</a></div></div></div></li><li class=" co-item co-item--rest-in-shelf " style="order: 22;"><div><div class="co-product"><div class="co-item__col1 co-item__col1--rest-in-shelf"><button type="button" data-auto-id="linkProductImage" class="asda-link asda-link--primary asda-link--button" aria-disabled="false"><div class="thumbnail__image-container co-product__image co-product__image--rest-in-shelf co-item__image"><picture class="asda-image picture"><source type="image/webp" srcset="https://ui.assets-asda.com/dm/asdagroceries/5900562217333?$ProdList2x$=&amp;fmt=webp&amp;qlt=50"><img alt="Sokolow Best Selection Poultry &amp; Pork Sausages" class="asda-img asda-image thumbnail__image" data-auto-id="" src="https://ui.assets-asda.com/dm/asdagroceries/5900562217333?$ProdList2x$=&amp;fmt=jpg&amp;qlt=50" loading="lazy" title="Sokolow Best Selection Poultry &amp; Pork Sausages"></picture></div></button><div class="co-item__items-container"><div class="co-item-fsl__favourites-image-container co-item__items" role="presentation" data-auto-id="favouritesAndShoppingList"><div class="context-wrapper"><button data-auto-id="" type="button" class="asda-btn asda-btn--plain asda-btn--icon co-item-fsl__favourites-button" aria-label="options for favourite shopping list" aria-expanded="false"><span role="img" data-auto-id="" class="asda-icon asda-icon--white asda-icon--regular asda-icon--rotate0 co-item-fsl__favourites-image co-item__items"><svg viewBox="0 0 35 23" xmlns="http://www.w3.org/2000/svg" xmlns:xlink="http://www.w3.org/1999/xlink" data-di-res-id="63ef0ee4-cabb0871" data-di-rand="1700859408960"><defs><path id="asda_fav_list_1" d="M7.02 2C7 2.344 7 2.685 7 3h6c0-.315 0-.656-.02-1H18c1 0 2 .784 2 1.667v17.667C20 22.167 19 23 18 23H2c-1 0-2-.833-2-1.666V3.667C0 2.833 1 2 2 2h5.02zM12 2H8c0-1 1-2 2-2s2 1 2 2zM7 17v2h10v-2H7zm-4-5v2h2v-2H3zm0-5v2h2V7H3zm0 10v2h2v-2H3zm4-5v2h10v-2H7zm0-5v2h10V7H7z"></path><path id="asda_fav_list_2" d="M24 21c-1.818-1.8-10-7.65-10-12.6C14 5.7 15.818 3 19 3c2 0 4 .82 5 3.295C25 3.82 27 3 29 3c3.182 0 5 2.7 5 5.4 0 4.95-8.182 10.8-10 12.6z"></path></defs><g class="asda-icon__draw" fill="none" fill-rule="evenodd"><use fill="#3d3d3d" xlink:href="#asda_fav_list_1"></use><use class="asda-icon__draw" fill="#FFF" stroke="#3d3d3d" stroke-width="1.9" xlink:href="#asda_fav_list_2"></use></g></svg></span></button></div></div><div class="co-item__volume-container co-item__items"><span class="co-product__volume co-item__volume">600g      </span></div></div></div><div class="co-item__col2 co-item__col2--rest-in-shelf"><div class="co-item__title-container co-item__title-container--rest-in-shelf"><h3 class="co-product__title"><a class="co-product__anchor" data-auto-id="linkProductTitle" href="/product/eastern-european-chilled-meat-fish/sokolow-best-selection-poultry-pork-sausages/1000105386025" data-di-id="di-id-54430b1c-3add8a5d">Sokolow Best Selection Poultry &amp; Pork Sausages</a></h3></div><div class="co-item__rating-container"><button type="button" data-auto-id="linkProductRating" class="asda-link asda-link--primary asda-link--button co-product__rating" aria-disabled="false" aria-label="3.9 stars out of 5 based on 10 reviews, you will be taken to the reviews on clicking this" data-di-id="di-id-f9fe053c-bef38b25"><div class="rating-stars rating-stars--windows"><div class="rating-stars__stars rating-stars__stars--top" aria-hidden="true" style="width: 78%;"><span aria-hidden="true">★</span><span aria-hidden="true">★</span><span aria-hidden="true">★</span><span aria-hidden="true">★</span><span aria-hidden="true">★</span></div><div class="rating-stars__stars rating-stars__stars--bottom" aria-hidden="true"><span aria-hidden="true">☆</span><span aria-hidden="true">☆</span><span aria-hidden="true">☆</span><span aria-hidden="true">☆</span><span aria-hidden="true">☆</span></div></div><span class="co-product__review-count" aria-hidden="true">(10)</span></button></div><div class="co-item__bundled-item-count-container"></div><div class="co-item__promo-container co-item__promo-container--rest-in-shelf"><span data-auto-id="secondaryPromoBanner" class="co-product__promo co-product__promo--great-offers co-product__promo--rest-in-shelf" title="Great offers"><span class="co-product__promo-text">Great offers</span></span></div><ul></ul></div><div class="co-item__col3 co-item__col3--rest-in-shelf"><div class="co-item__price-container co-item__price-container--rest-in-shelf"><div><span class="co-product__was-price"><span class="co-product__hidden-label">was &nbsp;</span>£3.29</span><strong class="co-product__price"><span class="co-product__hidden-label"> now </span>£2.75</strong><p class="co-item__price-per-uom-msg"><span class="co-product__price-per-uom">(45.8p/100g)</span></p></div></div><div class="co-item__quantity-container co-item__quantity-container--rest-in-shelf"><div class="co-item__quantity-container"><div class="quantity-button"><div class="add-button-with-tooltip"><div class="tooltip-wrapper"><button data-auto-id="btnAdd" type="button" class="asda-btn asda-btn--primary asda-btn--fluid add-button" aria-label="Add item Sokolow Best Selection Poultry &amp; Pork Sausages to cart" data-di-id="di-id-bd5e14ce-b3d9e896">Add</button></div></div></div></div></div></div><div class="co-item__col4"><a class="asda-link asda-link--primary" data-auto-id="linkViewTheShelf" target="_self" href="/shelf/world-food/eastern-european-food/eastern-european-chilled-meat-dairy/eastern-european-chilled-meat-fish/1215686351451-1215686351457-1215686351523-1215663812524" data-di-id="di-id-92243016-ff496e2d">View the shelf</a></div></div></div></li><li class=" co-item co-item--rest-in-shelf " style="order: 23;"><div><div class="co-product"><div class="co-item__col1 co-item__col1--rest-in-shelf"><button type="button" data-auto-id="linkProductImage" class="asda-link asda-link--primary asda-link--button" aria-disabled="false"><div class="thumbnail__image-container co-product__image co-product__image--rest-in-shelf co-item__image"><picture class="asda-image picture"><source type="image/webp" srcset="https://ui.assets-asda.com/dm/asdagroceries/5054070656150?$ProdList2x$=&amp;fmt=webp&amp;qlt=50"><img alt="ASDA Mediterranean Pork Loin Steaks" class="asda-img asda-image thumbnail__image" data-auto-id="" src="https://ui.assets-asda.com/dm/asdagroceries/5054070656150?$ProdList2x$=&amp;fmt=jpg&amp;qlt=50" loading="lazy" title="ASDA Mediterranean Pork Loin Steaks"></picture></div></button><div class="co-item__items-container"><div class="co-item-fsl__favourites-image-container co-item__items" role="presentation" data-auto-id="favouritesAndShoppingList"><div class="context-wrapper"><button data-auto-id="" type="button" class="asda-btn asda-btn--plain asda-btn--icon co-item-fsl__favourites-button" aria-label="options for favourite shopping list" aria-expanded="false"><span role="img" data-auto-id="" class="asda-icon asda-icon--white asda-icon--regular asda-icon--rotate0 co-item-fsl__favourites-image co-item__items"><svg viewBox="0 0 35 23" xmlns="http://www.w3.org/2000/svg" xmlns:xlink="http://www.w3.org/1999/xlink" data-di-res-id="db536981-a1acd4d7" data-di-rand="1700859408961"><defs><path id="asda_fav_list_1" d="M7.02 2C7 2.344 7 2.685 7 3h6c0-.315 0-.656-.02-1H18c1 0 2 .784 2 1.667v17.667C20 22.167 19 23 18 23H2c-1 0-2-.833-2-1.666V3.667C0 2.833 1 2 2 2h5.02zM12 2H8c0-1 1-2 2-2s2 1 2 2zM7 17v2h10v-2H7zm-4-5v2h2v-2H3zm0-5v2h2V7H3zm0 10v2h2v-2H3zm4-5v2h10v-2H7zm0-5v2h10V7H7z"></path><path id="asda_fav_list_2" d="M24 21c-1.818-1.8-10-7.65-10-12.6C14 5.7 15.818 3 19 3c2 0 4 .82 5 3.295C25 3.82 27 3 29 3c3.182 0 5 2.7 5 5.4 0 4.95-8.182 10.8-10 12.6z"></path></defs><g class="asda-icon__draw" fill="none" fill-rule="evenodd"><use fill="#3d3d3d" xlink:href="#asda_fav_list_1"></use><use class="asda-icon__draw" fill="#FFF" stroke="#3d3d3d" stroke-width="1.9" xlink:href="#asda_fav_list_2"></use></g></svg></span></button></div></div><div class="co-item__volume-container co-item__items"><span class="co-product__volume co-item__volume">660g      </span></div></div><div class="link-save-banner"><a class="link-save-banner-large__anchor link-save-banner-large__anchor--hyperlink" data-auto-id="linkPromoDetail" href="/promotion/2-for-8/ls92836" data-di-id="di-id-a30e8dee-4e34d33"><div class="link-save-banner-large__meat-sticker"><span class="link-save-banner-large__config link-save-banner-large__config--block link-save-banner-large__config--font-normal link-save-banner-large__config--center link-save-banner-large__config--height-normal">Any 2 for </span><span class="link-save-banner-large__config link-save-banner-large__config--block link-save-banner-large__config--font-huge link-save-banner-large__config--up-small">£8</span><span class="link-save-banner-large__view-all">View all</span></div></a></div></div><div class="co-item__col2 co-item__col2--rest-in-shelf co-item__col2--has-icon-list"><div class="co-item__title-container co-item__title-container--rest-in-shelf"><h3 class="co-product__title"><a class="co-product__anchor" data-auto-id="linkProductTitle" href="/product/pork-chops-steaks/asda-mediterranean-pork-loin-steaks/910002087952" data-di-id="di-id-c3dae7b7-22e602e6">ASDA Mediterranean Pork Loin Steaks</a></h3></div><div class="co-item__rating-container"><button type="button" data-auto-id="linkProductRating" class="asda-link asda-link--primary asda-link--button co-product__rating" aria-disabled="false" aria-label="4.05 stars out of 5 based on 50+ reviews, you will be taken to the reviews on clicking this" data-di-id="di-id-f9fe053c-665ea5f8"><div class="rating-stars rating-stars--windows"><div class="rating-stars__stars rating-stars__stars--top" aria-hidden="true" style="width: 81%;"><span aria-hidden="true">★</span><span aria-hidden="true">★</span><span aria-hidden="true">★</span><span aria-hidden="true">★</span><span aria-hidden="true">★</span></div><div class="rating-stars__stars rating-stars__stars--bottom" aria-hidden="true"><span aria-hidden="true">☆</span><span aria-hidden="true">☆</span><span aria-hidden="true">☆</span><span aria-hidden="true">☆</span><span aria-hidden="true">☆</span></div></div><span class="co-product__review-count" aria-hidden="true">(50+)</span></button></div><div class="co-item__bundled-item-count-container"></div><div class="co-item__promo-container co-item__promo-container--rest-in-shelf"></div><ul><div class="co-item__icon-list-container"><ul class="co-product__promo-icon-list co-item__promo-icon-list co-item__promo-icon-list--list-position"><li class="co-product__promo-icon-item"><div class="co-product__promo-icon-image-cntr"><button data-auto-id="btnPromo" type="button" class="asda-btn asda-btn--plain co-product__promo-icon-button" aria-label="show information on Typically fresh for 5 days"><picture class="asda-image picture"><source srcset="https://ui.assets-asda.com/dm/produce-5-days-icon?$Icon-wapp2x$=&amp;qlt=50"><img alt="Typically fresh for 5 days" class="asda-img asda-image co-product__promo-icon-img" data-auto-id="" src="https://ui.assets-asda.com/dm/produce-5-days-icon?$Icon-wapp2x$=&amp;qlt=50" loading="lazy" title="Typically fresh for 5 days"></picture></button></div></li></ul></div></ul></div><div class="co-item__col3 co-item__col3--rest-in-shelf"><div class="co-item__price-container co-item__price-container--rest-in-shelf"><span class="co-item__price-per-uom"><strong class="co-product__price"><span class="co-product__hidden-label"> now </span>£5.50</strong><p class="co-item__price-per-uom-msg"><span class="co-product__price-per-uom">(£8.33/kg)</span></p></span></div><div class="co-item__quantity-container co-item__quantity-container--rest-in-shelf"><div class="co-item__quantity-container"><div class="quantity-button"><div class="add-button-with-tooltip"><div class="tooltip-wrapper"><button data-auto-id="btnAdd" type="button" class="asda-btn asda-btn--primary asda-btn--fluid add-button" aria-label="Add item ASDA Mediterranean Pork Loin Steaks to cart" data-di-id="di-id-bd5e14ce-b3d9e896">Add</button></div></div></div></div></div></div><div class="co-item__col4"><a class="asda-link asda-link--primary" data-auto-id="linkViewTheShelf" target="_self" href="/shelf/meat-poultry-fish/meat-poultry/pork/pork-chops-steaks/1215135760597-910000975206-910000975676-910001112627" data-di-id="di-id-e6b55506-a5e94f9c">View the shelf</a></div></div></div></li><li class=" co-item co-item--rest-in-shelf " style="order: 24;"><div><div class="co-product"><div class="co-item__col1 co-item__col1--rest-in-shelf"><button type="button" data-auto-id="linkProductImage" class="asda-link asda-link--primary asda-link--button" aria-disabled="false"><div class="thumbnail__image-container co-product__image co-product__image--rest-in-shelf co-item__image"><picture class="asda-image picture"><source type="image/webp" srcset="https://ui.assets-asda.com/dm/asdagroceries/0200990000008?$ProdList2x$=&amp;fmt=webp&amp;qlt=50"><img alt="JUST ESSENTIALS by ASDA Whole Chicken (Typically 1.5kg)" class="asda-img asda-image thumbnail__image" data-auto-id="" src="https://ui.assets-asda.com/dm/asdagroceries/0200990000008?$ProdList2x$=&amp;fmt=jpg&amp;qlt=50" loading="lazy" title="JUST ESSENTIALS by ASDA Whole Chicken (Typically 1.5kg)"></picture></div></button><div class="co-item__items-container"><div class="co-item-fsl__favourites-image-container co-item__items" role="presentation" data-auto-id="favouritesAndShoppingList"><div class="context-wrapper"><button data-auto-id="" type="button" class="asda-btn asda-btn--plain asda-btn--icon co-item-fsl__favourites-button" aria-label="options for favourite shopping list" aria-expanded="false"><span role="img" data-auto-id="" class="asda-icon asda-icon--white asda-icon--regular asda-icon--rotate0 co-item-fsl__favourites-image co-item__items"><svg viewBox="0 0 35 23" xmlns="http://www.w3.org/2000/svg" xmlns:xlink="http://www.w3.org/1999/xlink" data-di-res-id="c9e6c66f-764ee8f1" data-di-rand="1700859408962"><defs><path id="asda_fav_list_1" d="M7.02 2C7 2.344 7 2.685 7 3h6c0-.315 0-.656-.02-1H18c1 0 2 .784 2 1.667v17.667C20 22.167 19 23 18 23H2c-1 0-2-.833-2-1.666V3.667C0 2.833 1 2 2 2h5.02zM12 2H8c0-1 1-2 2-2s2 1 2 2zM7 17v2h10v-2H7zm-4-5v2h2v-2H3zm0-5v2h2V7H3zm0 10v2h2v-2H3zm4-5v2h10v-2H7zm0-5v2h10V7H7z"></path><path id="asda_fav_list_2" d="M24 21c-1.818-1.8-10-7.65-10-12.6C14 5.7 15.818 3 19 3c2 0 4 .82 5 3.295C25 3.82 27 3 29 3c3.182 0 5 2.7 5 5.4 0 4.95-8.182 10.8-10 12.6z"></path></defs><g class="asda-icon__draw" fill="none" fill-rule="evenodd"><use fill="#3d3d3d" xlink:href="#asda_fav_list_1"></use><use class="asda-icon__draw" fill="#FFF" stroke="#3d3d3d" stroke-width="1.9" xlink:href="#asda_fav_list_2"></use></g></svg></span></button></div></div><div class="co-item__volume-container co-item__items"><span class="co-product__volume co-item__volume">per kg    </span></div></div></div><div class="co-item__col2 co-item__col2--rest-in-shelf co-item__col2--has-icon-list"><div class="co-item__title-container co-item__title-container--rest-in-shelf"><h3 class="co-product__title"><a class="co-product__anchor" data-auto-id="linkProductTitle" href="/product/whole-chickens/just-essentials-by-asda-whole-chicken-typically-1-5-kg/34002649" data-di-id="di-id-d9e87428-e4b5b176">JUST ESSENTIALS by ASDA Whole Chicken (Typically 1.5kg)</a></h3></div><div class="co-item__rating-container"><button type="button" data-auto-id="linkProductRating" class="asda-link asda-link--primary asda-link--button co-product__rating" aria-disabled="false" aria-label="3.16 stars out of 5 based on 50+ reviews, you will be taken to the reviews on clicking this" data-di-id="di-id-f9fe053c-665ea5f8"><div class="rating-stars rating-stars--windows"><div class="rating-stars__stars rating-stars__stars--top" aria-hidden="true" style="width: 63.2%;"><span aria-hidden="true">★</span><span aria-hidden="true">★</span><span aria-hidden="true">★</span><span aria-hidden="true">★</span><span aria-hidden="true">★</span></div><div class="rating-stars__stars rating-stars__stars--bottom" aria-hidden="true"><span aria-hidden="true">☆</span><span aria-hidden="true">☆</span><span aria-hidden="true">☆</span><span aria-hidden="true">☆</span><span aria-hidden="true">☆</span></div></div><span class="co-product__review-count" aria-hidden="true">(50+)</span></button></div><div class="co-item__bundled-item-count-container"></div><div class="co-item__promo-container co-item__promo-container--rest-in-shelf"></div><ul><div class="co-item__icon-list-container"><ul class="co-product__promo-icon-list co-item__promo-icon-list co-item__promo-icon-list--list-position"><li class="co-product__promo-icon-item"><div class="co-product__promo-icon-image-cntr"><button data-auto-id="btnPromo" type="button" class="asda-btn asda-btn--plain co-product__promo-icon-button" aria-label="show information on Typically fresh for 4 days"><picture class="asda-image picture"><source srcset="https://ui.assets-asda.com/dm/produce-4-days-icon?$Icon-wapp2x$=&amp;qlt=50"><img alt="Typically fresh for 4 days" class="asda-img asda-image co-product__promo-icon-img" data-auto-id="" src="https://ui.assets-asda.com/dm/produce-4-days-icon?$Icon-wapp2x$=&amp;qlt=50" loading="lazy" title="Typically fresh for 4 days"></picture></button></div></li></ul></div></ul></div><div class="co-item__col3 co-item__col3--rest-in-shelf"><div class="co-item__price-container co-item__price-container--rest-in-shelf"><span class="co-item__price-per-uom"><strong class="co-product__price"><span class="co-product__hidden-label"> now </span>£4.57</strong><p class="co-item__price-per-uom-msg"><span class="co-product__price-per-uom">(£3.05/kg)</span></p></span></div><div class="co-item__quantity-container co-item__quantity-container--rest-in-shelf"><div class="co-item__quantity-container"><div class="quantity-button"><div class="add-button-with-tooltip"><div class="tooltip-wrapper"><button data-auto-id="btnAdd" type="button" class="asda-btn asda-btn--primary asda-btn--fluid add-button" aria-label="Add item JUST ESSENTIALS by ASDA Whole Chicken (Typically 1.5kg) to cart" data-di-id="di-id-bd5e14ce-b3d9e896">Add</button></div></div></div></div></div></div><div class="co-item__col4"><a class="asda-link asda-link--primary" data-auto-id="linkViewTheShelf" target="_self" href="/shelf/meat-poultry-fish/meat-poultry/chicken-turkey/whole-chickens/1215135760597-910000975206-910000975462-910000976537" data-di-id="di-id-f36189d6-9d5b7a59">View the shelf</a></div></div></div></li><li class=" co-item co-item--rest-in-shelf " style="order: 25;"><div><div class="co-product"><div class="co-item__col1 co-item__col1--rest-in-shelf"><button type="button" data-auto-id="linkProductImage" class="asda-link asda-link--primary asda-link--button" aria-disabled="false"><div class="thumbnail__image-container co-product__image co-product__image--rest-in-shelf co-item__image"><picture class="asda-image picture"><source type="image/webp" srcset="https://ui.assets-asda.com/dm/asdagroceries/5057172354849?$ProdList2x$=&amp;fmt=webp&amp;qlt=50"><img alt="ASDA Warming Cajun Loaded Chicken Mini Fillets" class="asda-img asda-image thumbnail__image" data-auto-id="" src="https://ui.assets-asda.com/dm/asdagroceries/5057172354849?$ProdList2x$=&amp;fmt=jpg&amp;qlt=50" loading="lazy" title="ASDA Warming Cajun Loaded Chicken Mini Fillets"></picture></div></button><div class="co-item__items-container"><div class="co-item-fsl__favourites-image-container co-item__items" role="presentation" data-auto-id="favouritesAndShoppingList"><div class="context-wrapper"><button data-auto-id="" type="button" class="asda-btn asda-btn--plain asda-btn--icon co-item-fsl__favourites-button" aria-label="options for favourite shopping list" aria-expanded="false"><span role="img" data-auto-id="" class="asda-icon asda-icon--white asda-icon--regular asda-icon--rotate0 co-item-fsl__favourites-image co-item__items"><svg viewBox="0 0 35 23" xmlns="http://www.w3.org/2000/svg" xmlns:xlink="http://www.w3.org/1999/xlink" data-di-res-id="c9e6c66f-1582a0af" data-di-rand="1700859408962"><defs><path id="asda_fav_list_1" d="M7.02 2C7 2.344 7 2.685 7 3h6c0-.315 0-.656-.02-1H18c1 0 2 .784 2 1.667v17.667C20 22.167 19 23 18 23H2c-1 0-2-.833-2-1.666V3.667C0 2.833 1 2 2 2h5.02zM12 2H8c0-1 1-2 2-2s2 1 2 2zM7 17v2h10v-2H7zm-4-5v2h2v-2H3zm0-5v2h2V7H3zm0 10v2h2v-2H3zm4-5v2h10v-2H7zm0-5v2h10V7H7z"></path><path id="asda_fav_list_2" d="M24 21c-1.818-1.8-10-7.65-10-12.6C14 5.7 15.818 3 19 3c2 0 4 .82 5 3.295C25 3.82 27 3 29 3c3.182 0 5 2.7 5 5.4 0 4.95-8.182 10.8-10 12.6z"></path></defs><g class="asda-icon__draw" fill="none" fill-rule="evenodd"><use fill="#3d3d3d" xlink:href="#asda_fav_list_1"></use><use class="asda-icon__draw" fill="#FFF" stroke="#3d3d3d" stroke-width="1.9" xlink:href="#asda_fav_list_2"></use></g></svg></span></button></div></div><div class="co-item__volume-container co-item__items"><span class="co-product__volume co-item__volume">350g      </span></div></div><div class="link-save-banner"><a class="link-save-banner-large__anchor link-save-banner-large__anchor--hyperlink" data-auto-id="linkPromoDetail" href="/promotion/2-for-8/ls92836" data-di-id="di-id-a30e8dee-4e34d33"><div class="link-save-banner-large__meat-sticker"><span class="link-save-banner-large__config link-save-banner-large__config--block link-save-banner-large__config--font-normal link-save-banner-large__config--center link-save-banner-large__config--height-normal">Any 2 for </span><span class="link-save-banner-large__config link-save-banner-large__config--block link-save-banner-large__config--font-huge link-save-banner-large__config--up-small">£8</span><span class="link-save-banner-large__view-all">View all</span></div></a></div></div><div class="co-item__col2 co-item__col2--rest-in-shelf co-item__col2--has-icon-list"><div class="co-item__title-container co-item__title-container--rest-in-shelf"><h3 class="co-product__title"><a class="co-product__anchor" data-auto-id="linkProductTitle" href="/product/chicken-breasts/asda-warming-cajun-loaded-chicken-mini-fillets/1000231766467" data-di-id="di-id-314484e0-52175807">ASDA Warming Cajun Loaded Chicken Mini Fillets</a></h3></div><div class="co-item__rating-container"><button type="button" data-auto-id="linkProductRating" class="asda-link asda-link--primary asda-link--button co-product__rating" aria-disabled="false" aria-label="3.71 stars out of 5 based on 42 reviews, you will be taken to the reviews on clicking this" data-di-id="di-id-f9fe053c-8a0e2b4c"><div class="rating-stars rating-stars--windows"><div class="rating-stars__stars rating-stars__stars--top" aria-hidden="true" style="width: 74.2%;"><span aria-hidden="true">★</span><span aria-hidden="true">★</span><span aria-hidden="true">★</span><span aria-hidden="true">★</span><span aria-hidden="true">★</span></div><div class="rating-stars__stars rating-stars__stars--bottom" aria-hidden="true"><span aria-hidden="true">☆</span><span aria-hidden="true">☆</span><span aria-hidden="true">☆</span><span aria-hidden="true">☆</span><span aria-hidden="true">☆</span></div></div><span class="co-product__review-count" aria-hidden="true">(42)</span></button></div><div class="co-item__bundled-item-count-container"></div><div class="co-item__promo-container co-item__promo-container--rest-in-shelf"></div><ul><div class="co-item__icon-list-container"><ul class="co-product__promo-icon-list co-item__promo-icon-list co-item__promo-icon-list--list-position"><li class="co-product__promo-icon-item"><div class="co-product__promo-icon-image-cntr"><button data-auto-id="btnPromo" type="button" class="asda-btn asda-btn--plain co-product__promo-icon-button" aria-label="show information on Typically fresh for 5 days"><picture class="asda-image picture"><source srcset="https://ui.assets-asda.com/dm/produce-5-days-icon?$Icon-wapp2x$=&amp;qlt=50"><img alt="Typically fresh for 5 days" class="asda-img asda-image co-product__promo-icon-img" data-auto-id="" src="https://ui.assets-asda.com/dm/produce-5-days-icon?$Icon-wapp2x$=&amp;qlt=50" loading="lazy" title="Typically fresh for 5 days"></picture></button></div></li></ul></div></ul></div><div class="co-item__col3 co-item__col3--rest-in-shelf"><div class="co-item__price-container co-item__price-container--rest-in-shelf"><span class="co-item__price-per-uom"><strong class="co-product__price"><span class="co-product__hidden-label"> now </span>£4.40</strong><p class="co-item__price-per-uom-msg"><span class="co-product__price-per-uom">(£12.57/kg)</span></p></span></div><div class="co-item__quantity-container co-item__quantity-container--rest-in-shelf"><div class="co-item__quantity-container"><div class="quantity-button"><div class="add-button-with-tooltip"><div class="tooltip-wrapper"><button data-auto-id="btnAdd" type="button" class="asda-btn asda-btn--primary asda-btn--fluid add-button" aria-label="Add item ASDA Warming Cajun Loaded Chicken Mini Fillets to cart" data-di-id="di-id-bd5e14ce-b3d9e896">Add</button></div></div></div></div></div></div><div class="co-item__col4"><a class="asda-link asda-link--primary" data-auto-id="linkViewTheShelf" target="_self" href="/shelf/meat-poultry-fish/meat-poultry/chicken-turkey/chicken-breasts/1215135760597-910000975206-910000975462-910000976699" data-di-id="di-id-80996c32-8c230560">View the shelf</a></div></div></div></li><li class=" co-item co-item--rest-in-shelf " style="order: 26;"><div><div class="co-product"><div class="co-item__col1 co-item__col1--rest-in-shelf"><button type="button" data-auto-id="linkProductImage" class="asda-link asda-link--primary asda-link--button" aria-disabled="false"><div class="thumbnail__image-container co-product__image co-product__image--rest-in-shelf co-item__image"><picture class="asda-image picture"><source type="image/webp" srcset="https://ui.assets-asda.com/dm/asdagroceries/5000205048512?$ProdList2x$=&amp;fmt=webp&amp;qlt=50"><img alt="Young's Salmon Fillets" class="asda-img asda-image thumbnail__image" data-auto-id="" src="https://ui.assets-asda.com/dm/asdagroceries/5000205048512?$ProdList2x$=&amp;fmt=jpg&amp;qlt=50" loading="lazy" title="Young's Salmon Fillets"></picture></div></button><div class="co-item__items-container"><div class="co-item-fsl__favourites-image-container co-item__items" role="presentation" data-auto-id="favouritesAndShoppingList"><div class="context-wrapper"><button data-auto-id="" type="button" class="asda-btn asda-btn--plain asda-btn--icon co-item-fsl__favourites-button" aria-label="options for favourite shopping list" aria-expanded="false"><span role="img" data-auto-id="" class="asda-icon asda-icon--white asda-icon--regular asda-icon--rotate0 co-item-fsl__favourites-image co-item__items"><svg viewBox="0 0 35 23" xmlns="http://www.w3.org/2000/svg" xmlns:xlink="http://www.w3.org/1999/xlink" data-di-res-id="715aa10a-e5b498b3" data-di-rand="1700859408963"><defs><path id="asda_fav_list_1" d="M7.02 2C7 2.344 7 2.685 7 3h6c0-.315 0-.656-.02-1H18c1 0 2 .784 2 1.667v17.667C20 22.167 19 23 18 23H2c-1 0-2-.833-2-1.666V3.667C0 2.833 1 2 2 2h5.02zM12 2H8c0-1 1-2 2-2s2 1 2 2zM7 17v2h10v-2H7zm-4-5v2h2v-2H3zm0-5v2h2V7H3zm0 10v2h2v-2H3zm4-5v2h10v-2H7zm0-5v2h10V7H7z"></path><path id="asda_fav_list_2" d="M24 21c-1.818-1.8-10-7.65-10-12.6C14 5.7 15.818 3 19 3c2 0 4 .82 5 3.295C25 3.82 27 3 29 3c3.182 0 5 2.7 5 5.4 0 4.95-8.182 10.8-10 12.6z"></path></defs><g class="asda-icon__draw" fill="none" fill-rule="evenodd"><use fill="#3d3d3d" xlink:href="#asda_fav_list_1"></use><use class="asda-icon__draw" fill="#FFF" stroke="#3d3d3d" stroke-width="1.9" xlink:href="#asda_fav_list_2"></use></g></svg></span></button></div></div><div class="co-item__volume-container co-item__items"><span class="co-product__volume co-item__volume">240g      </span></div></div><div class="link-save-banner"><a class="link-save-banner-large__anchor link-save-banner-large__anchor--hyperlink" data-auto-id="linkPromoDetail" href="/promotion/2-for-8/ls92836" data-di-id="di-id-a30e8dee-4e34d33"><div class="link-save-banner-large__meat-sticker"><span class="link-save-banner-large__config link-save-banner-large__config--block link-save-banner-large__config--font-normal link-save-banner-large__config--center link-save-banner-large__config--height-normal">Any 2 for </span><span class="link-save-banner-large__config link-save-banner-large__config--block link-save-banner-large__config--font-huge link-save-banner-large__config--up-small">£8</span><span class="link-save-banner-large__view-all">View all</span></div></a></div></div><div class="co-item__col2 co-item__col2--rest-in-shelf co-item__col2--has-icon-list"><div class="co-item__title-container co-item__title-container--rest-in-shelf"><h3 class="co-product__title"><a class="co-product__anchor" data-auto-id="linkProductTitle" href="/product/salmon/youngs-salmon-fillets/1000213073640" data-di-id="di-id-b69401be-c35b6318">Young's Salmon Fillets</a></h3></div><div class="co-item__rating-container"><button type="button" data-auto-id="linkProductRating" class="asda-link asda-link--primary asda-link--button co-product__rating" aria-disabled="false" aria-label="4.32 stars out of 5 based on 50+ reviews, you will be taken to the reviews on clicking this" data-di-id="di-id-f9fe053c-665ea5f8"><div class="rating-stars rating-stars--windows"><div class="rating-stars__stars rating-stars__stars--top" aria-hidden="true" style="width: 86.4%;"><span aria-hidden="true">★</span><span aria-hidden="true">★</span><span aria-hidden="true">★</span><span aria-hidden="true">★</span><span aria-hidden="true">★</span></div><div class="rating-stars__stars rating-stars__stars--bottom" aria-hidden="true"><span aria-hidden="true">☆</span><span aria-hidden="true">☆</span><span aria-hidden="true">☆</span><span aria-hidden="true">☆</span><span aria-hidden="true">☆</span></div></div><span class="co-product__review-count" aria-hidden="true">(50+)</span></button></div><div class="co-item__bundled-item-count-container"></div><div class="co-item__promo-container co-item__promo-container--rest-in-shelf"></div><ul><div class="co-item__icon-list-container"><ul class="co-product__promo-icon-list co-item__promo-icon-list co-item__promo-icon-list--list-position"><li class="co-product__promo-icon-item"><div class="co-product__promo-icon-image-cntr"><button data-auto-id="btnPromo" type="button" class="asda-btn asda-btn--plain co-product__promo-icon-button" aria-label="show information on Typically fresh for 3 days"><picture class="asda-image picture"><source srcset="https://ui.assets-asda.com/dm/produce-3-days-icon?$Icon-wapp2x$=&amp;qlt=50"><img alt="Typically fresh for 3 days" class="asda-img asda-image co-product__promo-icon-img" data-auto-id="" src="https://ui.assets-asda.com/dm/produce-3-days-icon?$Icon-wapp2x$=&amp;qlt=50" loading="lazy" title="Typically fresh for 3 days"></picture></button></div></li></ul></div></ul></div><div class="co-item__col3 co-item__col3--rest-in-shelf"><div class="co-item__price-container co-item__price-container--rest-in-shelf"><span class="co-item__price-per-uom"><strong class="co-product__price"><span class="co-product__hidden-label"> now </span>£5.00</strong><p class="co-item__price-per-uom-msg"><span class="co-product__price-per-uom">(£20.83/kg)</span></p></span></div><div class="co-item__quantity-container co-item__quantity-container--rest-in-shelf"><div class="co-item__quantity-container"><div class="quantity-button"><div class="add-button-with-tooltip"><div class="tooltip-wrapper"><button data-auto-id="btnAdd" type="button" class="asda-btn asda-btn--primary asda-btn--fluid add-button" aria-label="Add item Young's Salmon Fillets to cart" data-di-id="di-id-bd5e14ce-b3d9e896">Add</button></div></div></div></div></div></div><div class="co-item__col4"><a class="asda-link asda-link--primary" data-auto-id="linkViewTheShelf" target="_self" href="/aisle/meat-poultry-fish/fish-seafood/salmon/1215135760597-1215337195095-1215685901159" data-di-id="di-id-9404a7e0-69a8840c">View the shelf</a></div></div></div></li><li class=" co-item co-item--rest-in-shelf " style="order: 27;"><div><div class="co-product"><div class="co-item__col1 co-item__col1--rest-in-shelf"><button type="button" data-auto-id="linkProductImage" class="asda-link asda-link--primary asda-link--button" aria-disabled="false"><div class="thumbnail__image-container co-product__image co-product__image--rest-in-shelf co-item__image"><picture class="asda-image picture"><source type="image/webp" srcset="https://ui.assets-asda.com/dm/asdagroceries/0241930000009?$ProdList2x$=&amp;fmt=webp&amp;qlt=50"><img alt="JUST ESSENTIALS by ASDA Chicken Breast Fillet Portions (Typically 1.05kg)" class="asda-img asda-image thumbnail__image" data-auto-id="" src="https://ui.assets-asda.com/dm/asdagroceries/0241930000009?$ProdList2x$=&amp;fmt=jpg&amp;qlt=50" loading="lazy" title="JUST ESSENTIALS by ASDA Chicken Breast Fillet Portions (Typically 1.05kg)"></picture></div></button><div class="co-item__items-container"><div class="co-item-fsl__favourites-image-container co-item__items" role="presentation" data-auto-id="favouritesAndShoppingList"><div class="context-wrapper"><button data-auto-id="" type="button" class="asda-btn asda-btn--plain asda-btn--icon co-item-fsl__favourites-button" aria-label="options for favourite shopping list" aria-expanded="false"><span role="img" data-auto-id="" class="asda-icon asda-icon--white asda-icon--regular asda-icon--rotate0 co-item-fsl__favourites-image co-item__items"><svg viewBox="0 0 35 23" xmlns="http://www.w3.org/2000/svg" xmlns:xlink="http://www.w3.org/1999/xlink" data-di-res-id="ec8d99b3-78872720" data-di-rand="1700859408964"><defs><path id="asda_fav_list_1" d="M7.02 2C7 2.344 7 2.685 7 3h6c0-.315 0-.656-.02-1H18c1 0 2 .784 2 1.667v17.667C20 22.167 19 23 18 23H2c-1 0-2-.833-2-1.666V3.667C0 2.833 1 2 2 2h5.02zM12 2H8c0-1 1-2 2-2s2 1 2 2zM7 17v2h10v-2H7zm-4-5v2h2v-2H3zm0-5v2h2V7H3zm0 10v2h2v-2H3zm4-5v2h10v-2H7zm0-5v2h10V7H7z"></path><path id="asda_fav_list_2" d="M24 21c-1.818-1.8-10-7.65-10-12.6C14 5.7 15.818 3 19 3c2 0 4 .82 5 3.295C25 3.82 27 3 29 3c3.182 0 5 2.7 5 5.4 0 4.95-8.182 10.8-10 12.6z"></path></defs><g class="asda-icon__draw" fill="none" fill-rule="evenodd"><use fill="#3d3d3d" xlink:href="#asda_fav_list_1"></use><use class="asda-icon__draw" fill="#FFF" stroke="#3d3d3d" stroke-width="1.9" xlink:href="#asda_fav_list_2"></use></g></svg></span></button></div></div><div class="co-item__volume-container co-item__items"><span class="co-product__volume co-item__volume">per kg    </span></div></div></div><div class="co-item__col2 co-item__col2--rest-in-shelf co-item__col2--has-icon-list"><div class="co-item__title-container co-item__title-container--rest-in-shelf"><h3 class="co-product__title"><a class="co-product__anchor" data-auto-id="linkProductTitle" href="/product/chicken-breasts/just-essentials-by-asda-chicken-breast-fillet-portions-typically-1-05-kg/910003002931" data-di-id="di-id-eb71d82b-71a1d977">JUST ESSENTIALS by ASDA Chicken Breast Fillet Portions (Typically 1.05kg)</a></h3></div><div class="co-item__rating-container"><button type="button" data-auto-id="linkProductRating" class="asda-link asda-link--primary asda-link--button co-product__rating" aria-disabled="false" aria-label="2.3 stars out of 5 based on 50+ reviews, you will be taken to the reviews on clicking this" data-di-id="di-id-f9fe053c-665ea5f8"><div class="rating-stars rating-stars--windows"><div class="rating-stars__stars rating-stars__stars--top" aria-hidden="true" style="width: 46%;"><span aria-hidden="true">★</span><span aria-hidden="true">★</span><span aria-hidden="true">★</span><span aria-hidden="true">★</span><span aria-hidden="true">★</span></div><div class="rating-stars__stars rating-stars__stars--bottom" aria-hidden="true"><span aria-hidden="true">☆</span><span aria-hidden="true">☆</span><span aria-hidden="true">☆</span><span aria-hidden="true">☆</span><span aria-hidden="true">☆</span></div></div><span class="co-product__review-count" aria-hidden="true">(50+)</span></button></div><div class="co-item__bundled-item-count-container"></div><div class="co-item__promo-container co-item__promo-container--rest-in-shelf"></div><ul><div class="co-item__icon-list-container"><ul class="co-product__promo-icon-list co-item__promo-icon-list co-item__promo-icon-list--list-position"><li class="co-product__promo-icon-item"><div class="co-product__promo-icon-image-cntr"><button data-auto-id="btnPromo" type="button" class="asda-btn asda-btn--plain co-product__promo-icon-button" aria-label="show information on Typically fresh for 3 days"><picture class="asda-image picture"><source srcset="https://ui.assets-asda.com/dm/produce-3-days-icon?$Icon-wapp2x$=&amp;qlt=50"><img alt="Typically fresh for 3 days" class="asda-img asda-image co-product__promo-icon-img" data-auto-id="" src="https://ui.assets-asda.com/dm/produce-3-days-icon?$Icon-wapp2x$=&amp;qlt=50" loading="lazy" title="Typically fresh for 3 days"></picture></button></div></li></ul></div></ul></div><div class="co-item__col3 co-item__col3--rest-in-shelf"><div class="co-item__price-container co-item__price-container--rest-in-shelf"><span class="co-item__price-per-uom"><strong class="co-product__price"><span class="co-product__hidden-label"> now </span>£6.29</strong><p class="co-item__price-per-uom-msg"><span class="co-product__price-per-uom">(£5.99/kg)</span></p></span></div><div class="co-item__quantity-container co-item__quantity-container--rest-in-shelf"><div class="co-item__quantity-container"><div class="quantity-button"><div class="add-button-with-tooltip"><div class="tooltip-wrapper"><button data-auto-id="btnAdd" type="button" class="asda-btn asda-btn--primary asda-btn--fluid add-button" aria-label="Add item JUST ESSENTIALS by ASDA Chicken Breast Fillet Portions (Typically 1.05kg) to cart" data-di-id="di-id-bd5e14ce-b3d9e896">Add</button></div></div></div></div></div></div><div class="co-item__col4"><a class="asda-link asda-link--primary" data-auto-id="linkViewTheShelf" target="_self" href="/shelf/meat-poultry-fish/meat-poultry/chicken-turkey/chicken-breasts/1215135760597-910000975206-910000975462-910000976699" data-di-id="di-id-80996c32-8c230560">View the shelf</a></div></div></div></li><li class=" co-item co-item--rest-in-shelf " style="order: 28;"><div><div class="co-product"><div class="co-item__col1 co-item__col1--rest-in-shelf"><button type="button" data-auto-id="linkProductImage" class="asda-link asda-link--primary asda-link--button" aria-disabled="false"><div class="thumbnail__image-container co-product__image co-product__image--rest-in-shelf co-item__image"><picture class="asda-image picture"><source type="image/webp" srcset="https://ui.assets-asda.com/dm/asdagroceries/5054070046449?$ProdList2x$=&amp;fmt=webp&amp;qlt=50"><img alt="ASDA Tender Lean Diced Beef" class="asda-img asda-image thumbnail__image" data-auto-id="" src="https://ui.assets-asda.com/dm/asdagroceries/5054070046449?$ProdList2x$=&amp;fmt=jpg&amp;qlt=50" loading="lazy" title="ASDA Tender Lean Diced Beef"></picture></div></button><div class="co-item__items-container"><div class="co-item-fsl__favourites-image-container co-item__items" role="presentation" data-auto-id="favouritesAndShoppingList"><div class="context-wrapper"><button data-auto-id="" type="button" class="asda-btn asda-btn--plain asda-btn--icon co-item-fsl__favourites-button" aria-label="options for favourite shopping list" aria-expanded="false"><span role="img" data-auto-id="" class="asda-icon asda-icon--white asda-icon--regular asda-icon--rotate0 co-item-fsl__favourites-image co-item__items"><svg viewBox="0 0 35 23" xmlns="http://www.w3.org/2000/svg" xmlns:xlink="http://www.w3.org/1999/xlink" data-di-res-id="5431fed6-5dcd616b" data-di-rand="1700859408965"><defs><path id="asda_fav_list_1" d="M7.02 2C7 2.344 7 2.685 7 3h6c0-.315 0-.656-.02-1H18c1 0 2 .784 2 1.667v17.667C20 22.167 19 23 18 23H2c-1 0-2-.833-2-1.666V3.667C0 2.833 1 2 2 2h5.02zM12 2H8c0-1 1-2 2-2s2 1 2 2zM7 17v2h10v-2H7zm-4-5v2h2v-2H3zm0-5v2h2V7H3zm0 10v2h2v-2H3zm4-5v2h10v-2H7zm0-5v2h10V7H7z"></path><path id="asda_fav_list_2" d="M24 21c-1.818-1.8-10-7.65-10-12.6C14 5.7 15.818 3 19 3c2 0 4 .82 5 3.295C25 3.82 27 3 29 3c3.182 0 5 2.7 5 5.4 0 4.95-8.182 10.8-10 12.6z"></path></defs><g class="asda-icon__draw" fill="none" fill-rule="evenodd"><use fill="#3d3d3d" xlink:href="#asda_fav_list_1"></use><use class="asda-icon__draw" fill="#FFF" stroke="#3d3d3d" stroke-width="1.9" xlink:href="#asda_fav_list_2"></use></g></svg></span></button></div></div><div class="co-item__volume-container co-item__items"><span class="co-product__volume co-item__volume">400g      </span></div></div><div class="link-save-banner"><a class="link-save-banner-large__anchor link-save-banner-large__anchor--hyperlink" data-auto-id="linkPromoDetail" href="/promotion/2-for-8/ls92836" data-di-id="di-id-a30e8dee-4e34d33"><div class="link-save-banner-large__meat-sticker"><span class="link-save-banner-large__config link-save-banner-large__config--block link-save-banner-large__config--font-normal link-save-banner-large__config--center link-save-banner-large__config--height-normal">Any 2 for </span><span class="link-save-banner-large__config link-save-banner-large__config--block link-save-banner-large__config--font-huge link-save-banner-large__config--up-small">£8</span><span class="link-save-banner-large__view-all">View all</span></div></a></div></div><div class="co-item__col2 co-item__col2--rest-in-shelf"><div class="co-item__title-container co-item__title-container--rest-in-shelf"><h3 class="co-product__title"><a class="co-product__anchor" data-auto-id="linkProductTitle" href="/product/diced-casserole-beef/asda-tender-lean-diced-beef/910001217391" data-di-id="di-id-da561fed-8e54a760">ASDA Tender Lean Diced Beef</a></h3></div><div class="co-item__rating-container"><button type="button" data-auto-id="linkProductRating" class="asda-link asda-link--primary asda-link--button co-product__rating" aria-disabled="false" aria-label="3.79 stars out of 5 based on 50+ reviews, you will be taken to the reviews on clicking this" data-di-id="di-id-f9fe053c-665ea5f8"><div class="rating-stars rating-stars--windows"><div class="rating-stars__stars rating-stars__stars--top" aria-hidden="true" style="width: 75.8%;"><span aria-hidden="true">★</span><span aria-hidden="true">★</span><span aria-hidden="true">★</span><span aria-hidden="true">★</span><span aria-hidden="true">★</span></div><div class="rating-stars__stars rating-stars__stars--bottom" aria-hidden="true"><span aria-hidden="true">☆</span><span aria-hidden="true">☆</span><span aria-hidden="true">☆</span><span aria-hidden="true">☆</span><span aria-hidden="true">☆</span></div></div><span class="co-product__review-count" aria-hidden="true">(50+)</span></button></div><div class="co-item__bundled-item-count-container"></div><div class="co-item__promo-container co-item__promo-container--rest-in-shelf"></div><ul></ul></div><div class="co-item__col3 co-item__col3--rest-in-shelf"><div class="co-item__price-container co-item__price-container--rest-in-shelf"><span class="co-item__price-per-uom"><strong class="co-product__price"><span class="co-product__hidden-label"> now </span>£4.70</strong><p class="co-item__price-per-uom-msg"><span class="co-product__price-per-uom">(£11.75/kg)</span></p></span></div><div class="co-item__quantity-container co-item__quantity-container--rest-in-shelf"><div class="co-item__quantity-container"><div class="quantity-button"><div class="add-button-with-tooltip"><div class="tooltip-wrapper"><button data-auto-id="btnAdd" type="button" class="asda-btn asda-btn--primary asda-btn--fluid add-button" aria-label="Add item ASDA Tender Lean Diced Beef to cart" data-di-id="di-id-bd5e14ce-b3d9e896">Add</button></div></div></div></div></div></div><div class="co-item__col4"><a class="asda-link asda-link--primary" data-auto-id="linkViewTheShelf" target="_self" href="/shelf/meat-poultry-fish/meat-poultry/beef/diced-casserole-beef/1215135760597-910000975206-910000975528-910000976505" data-di-id="di-id-9056c2b4-4b3d2ab6">View the shelf</a></div></div></div></li><li class=" co-item co-item--rest-in-shelf " style="order: 29;"><div><div class="co-product"><div class="co-item__col1 co-item__col1--rest-in-shelf"><button type="button" data-auto-id="linkProductImage" class="asda-link asda-link--primary asda-link--button" aria-disabled="false"><div class="thumbnail__image-container co-product__image co-product__image--rest-in-shelf co-item__image"><picture class="asda-image picture"><source type="image/webp" srcset="https://ui.assets-asda.com/dm/asdagroceries/5052449453959?$ProdList2x$=&amp;fmt=webp&amp;qlt=50"><img alt="ASDA Delicious Unsmoked Gammon Joint" class="asda-img asda-image thumbnail__image" data-auto-id="" src="https://ui.assets-asda.com/dm/asdagroceries/5052449453959?$ProdList2x$=&amp;fmt=jpg&amp;qlt=50" loading="lazy" title="ASDA Delicious Unsmoked Gammon Joint"></picture></div></button><div class="co-item__items-container"><div class="co-item-fsl__favourites-image-container co-item__items" role="presentation" data-auto-id="favouritesAndShoppingList"><div class="context-wrapper"><button data-auto-id="" type="button" class="asda-btn asda-btn--plain asda-btn--icon co-item-fsl__favourites-button" aria-label="options for favourite shopping list" aria-expanded="false"><span role="img" data-auto-id="" class="asda-icon asda-icon--white asda-icon--regular asda-icon--rotate0 co-item-fsl__favourites-image co-item__items"><svg viewBox="0 0 35 23" xmlns="http://www.w3.org/2000/svg" xmlns:xlink="http://www.w3.org/1999/xlink" data-di-res-id="46845138-3408afc4" data-di-rand="1700859408966"><defs><path id="asda_fav_list_1" d="M7.02 2C7 2.344 7 2.685 7 3h6c0-.315 0-.656-.02-1H18c1 0 2 .784 2 1.667v17.667C20 22.167 19 23 18 23H2c-1 0-2-.833-2-1.666V3.667C0 2.833 1 2 2 2h5.02zM12 2H8c0-1 1-2 2-2s2 1 2 2zM7 17v2h10v-2H7zm-4-5v2h2v-2H3zm0-5v2h2V7H3zm0 10v2h2v-2H3zm4-5v2h10v-2H7zm0-5v2h10V7H7z"></path><path id="asda_fav_list_2" d="M24 21c-1.818-1.8-10-7.65-10-12.6C14 5.7 15.818 3 19 3c2 0 4 .82 5 3.295C25 3.82 27 3 29 3c3.182 0 5 2.7 5 5.4 0 4.95-8.182 10.8-10 12.6z"></path></defs><g class="asda-icon__draw" fill="none" fill-rule="evenodd"><use fill="#3d3d3d" xlink:href="#asda_fav_list_1"></use><use class="asda-icon__draw" fill="#FFF" stroke="#3d3d3d" stroke-width="1.9" xlink:href="#asda_fav_list_2"></use></g></svg></span></button></div></div><div class="co-item__volume-container co-item__items"><span class="co-product__volume co-item__volume">750g      </span></div></div></div><div class="co-item__col2 co-item__col2--rest-in-shelf"><div class="co-item__title-container co-item__title-container--rest-in-shelf"><h3 class="co-product__title"><a class="co-product__anchor" data-auto-id="linkProductTitle" href="/product/gammon/asda-delicious-unsmoked-gammon-joint/910000877729" data-di-id="di-id-fab5787d-e1681db0">ASDA Delicious Unsmoked Gammon Joint</a></h3></div><div class="co-item__rating-container"><button type="button" data-auto-id="linkProductRating" class="asda-link asda-link--primary asda-link--button co-product__rating" aria-disabled="false" aria-label="3.92 stars out of 5 based on 50+ reviews, you will be taken to the reviews on clicking this" data-di-id="di-id-f9fe053c-665ea5f8"><div class="rating-stars rating-stars--windows"><div class="rating-stars__stars rating-stars__stars--top" aria-hidden="true" style="width: 78.4%;"><span aria-hidden="true">★</span><span aria-hidden="true">★</span><span aria-hidden="true">★</span><span aria-hidden="true">★</span><span aria-hidden="true">★</span></div><div class="rating-stars__stars rating-stars__stars--bottom" aria-hidden="true"><span aria-hidden="true">☆</span><span aria-hidden="true">☆</span><span aria-hidden="true">☆</span><span aria-hidden="true">☆</span><span aria-hidden="true">☆</span></div></div><span class="co-product__review-count" aria-hidden="true">(50+)</span></button></div><div class="co-item__bundled-item-count-container"></div><div class="co-item__promo-container co-item__promo-container--rest-in-shelf"><span data-auto-id="secondaryPromoBanner" class="co-product__promo co-product__promo--staying-back co-product__promo--rest-in-shelf" title="Price Dropped"><span class="co-product__promo-text"><span role="img" data-auto-id="" class="asda-icon asda-icon--charcoal asda-icon--regular asda-icon--rotate0 asda-icon--brand"><svg version="1.1" id="PriceDrop_x5F_Flash_xA0_Image_00000163058657618685786750000014984843253156226455_" xmlns="http://www.w3.org/2000/svg" xmlns:xlink="http://www.w3.org/1999/xlink" x="0px" y="0px" viewBox="0 0 500 134.5" style="enable-background:new 0 0 500 134.5;" xml:space="preserve" data-di-res-id="46845138-b8fd6d32" data-di-rand="1700859408966"><style type="text/css"> .st0{fill:#D33030;} .st1{fill:#FEFCFC;} .st2{fill:#FEFDFD;} .st3{fill:#FDF7F7;} .st4{fill:#FDF8F8;} .st5{fill:#FCF7F7;} .st6{fill:#D43232;} .st7{fill:#D33131;} .st8{fill:#D43535;} </style><g><path class="st0" d="M476.98,134.45c-151.66,0-303.31,0-454.97,0c-0.19-0.47-0.64-0.44-1.03-0.54 c-10.53-2.81-17.3-9.41-20.21-19.91c-0.14-0.5,0.01-1.22-0.74-1.44c0-30.03,0-60.06,0-90.09c0.81-0.29,0.67-1.11,0.81-1.68 C3.58,9.27,14.81,0.47,27.68,0.48c148.29,0.13,296.59,0.08,444.88,0.08c14.88,0,26.83,11.76,26.87,26.63 c0.06,26.87,0.05,53.74,0,80.61c-0.02,11.62-7.47,21.75-18.52,25.41C479.61,133.65,478.29,134.04,476.98,134.45z M417.3,83.86 c-0.17-9.5-4.22-17.88-12.47-24.05c-8.49-6.34-18.14-7.88-28.39-5.98c-23.24,4.31-34.09,31.29-19.85,49.71 c8.14,10.53,19.34,13.97,32.32,12.48C404.94,114.19,417.31,100.51,417.3,83.86z M266.78,57.78c0,9.53,0.06,19.06-0.05,28.59 c-0.02,2.02,0.61,2.47,2.52,2.44c7.15-0.1,14.3-0.06,21.45-0.04c4.27,0.01,8.46-0.49,12.56-1.66c26.7-7.67,26.97-38.54,13.68-50.72 c-6.44-5.9-14.17-8.58-22.69-8.9c-8.39-0.32-16.8-0.06-25.19-0.19c-1.93-0.03-2.33,0.57-2.32,2.38 C266.83,39.05,266.78,48.42,266.78,57.78z M31.91,58.04c0,9.45,0.06,18.9-0.05,28.34c-0.02,2.01,0.59,2.49,2.5,2.43 c4.15-0.14,8.32-0.14,12.47,0c1.82,0.06,2.21-0.57,2.16-2.25c-0.12-4.22,0.07-8.46-0.09-12.68c-0.08-2.01,0.4-2.7,2.55-2.64 c4.31,0.12,8.63,0.21,12.94-0.48c13.74-2.22,21.33-12.67,19-26.25c-1.52-8.86-9.09-15.46-19.38-16.53 c-10.19-1.06-20.44-0.22-30.66-0.47c-1.83-0.05-1.43,1.2-1.43,2.19C31.9,39.15,31.91,48.59,31.91,58.04z M432.02,83.33 c9.87,10.39,24.07,7.09,30.43-1.4c6.83-9.12,6.91-24.53,0.08-33.64c-7.04-9.4-21.75-11.25-29.49-1.91 c-0.19,0.23-0.43,0.41-1.02,0.96c0-1.6-0.11-2.73,0.02-3.84c0.2-1.72-0.37-2.29-2.16-2.23c-4.16,0.14-8.32,0.12-12.48,0.01 c-1.74-0.05-2.26,0.46-2.24,2.21c0.09,6.96,0.04,13.93,0.03,20.89c0,0.93,0.17,1.75,0.65,2.59c6.36,11.26,6.58,22.68,0.67,34.16 c-0.82,1.59-0.33,1.79,1.14,1.78c4.08-0.04,8.16-0.1,12.23,0.02c1.81,0.06,2.2-0.59,2.18-2.27 C431.96,95.04,432.02,89.41,432.02,83.33z M225.73,69.75c3.25,0,6.49,0,9.74,0c6.67,0,6.67,0,6.27-6.71 c-0.64-10.64-6.96-19.08-16.19-21.64c-18.93-5.24-35.24,10.34-30.99,29.61c2.66,12.07,13.01,19.57,25.96,18.94 c7.23-0.35,13.42-2.83,18.36-8.23c0.91-1,1.07-1.61-0.13-2.53c-2.32-1.76-4.56-3.61-6.73-5.55c-1-0.89-1.59-0.72-2.47,0.11 c-1.58,1.5-3.44,2.6-5.55,3.22c-5.84,1.71-11.52-0.67-13.42-5.53c-0.54-1.37-0.26-1.73,1.17-1.71 C216.41,69.78,221.07,69.75,225.73,69.75z M172.62,40.46c-16.26-0.12-27.97,13.31-25.15,29.27c1.77,10.03,7.88,16.85,17.84,19.29 c10.25,2.52,19.45,0.38,26.48-8.22c1.15-1.41,0.92-2.09-0.5-3.02c-2.57-1.68-5.06-3.49-7.47-5.39c-1.42-1.12-2.27-1.15-3.62,0.25 c-3.74,3.85-9.31,4.31-13.09,1.35c-4.65-3.65-5.19-12.02-1.07-16.58c3.88-4.29,9.74-3.99,14.4,0.83c0.88,0.92,1.38,1.01,2.38,0.23 c2.74-2.15,5.52-4.26,8.39-6.25c1.38-0.96,1.35-1.69,0.38-2.93C186.74,43.12,180.24,40.62,172.62,40.46z M345.28,50.24 c0-2.86-0.06-5.06,0.02-7.25c0.05-1.29-0.38-1.72-1.7-1.7c-4.41,0.07-8.82,0.08-13.22,0c-1.41-0.03-1.83,0.39-1.83,1.81 c0.05,14.67,0.04,29.34,0,44.01c0,1.3,0.38,1.72,1.69,1.7c4.32-0.07,8.65-0.1,12.97,0.01c1.64,0.04,2.11-0.47,2.09-2.09 c-0.06-4.97-0.21-9.96,0.16-14.91c0.7-9.42,3.94-12.6,13.37-13.66c1.15-0.13,1.6-0.47,1.59-1.64c-0.04-4.81-0.07-9.61,0.01-14.42 c0.03-1.58-0.74-1.75-2-1.64c-4.28,0.37-7.86,2.01-10.41,5.55C347.19,47.18,346.45,48.43,345.28,50.24z M104.99,50.33 c0-2.82-0.07-4.96,0.03-7.1c0.07-1.41-0.4-1.86-1.83-1.84c-4.33,0.08-8.65,0.07-12.98,0c-1.36-0.02-1.89,0.3-1.89,1.78 c0.05,14.6,0.05,29.19,0,43.79c0,1.4,0.39,1.86,1.82,1.83c4.33-0.08,8.66-0.1,12.98,0.01c1.62,0.04,1.93-0.55,1.91-2.01 c-0.07-4.64-0.14-9.29,0.02-13.93c0.33-9.71,4.06-13.71,13.53-14.59c1.32-0.12,1.44-0.7,1.44-1.72c-0.02-4.73-0.06-9.45,0.02-14.18 c0.03-1.55-0.64-1.74-1.95-1.67c-4.15,0.22-7.56,1.85-10.1,5.13C107.03,47.07,106.25,48.43,104.99,50.33z M141.31,65.27 c0-7.29-0.04-14.58,0.03-21.87c0.01-1.48-0.34-2.04-1.93-2c-4.24,0.11-8.48,0.09-12.72,0.01c-1.48-0.03-2.03,0.35-2.03,1.92 c0.05,14.5,0.05,29,0,43.5c0,1.48,0.38,2.02,1.94,1.98c4.15-0.1,8.32-0.15,12.47,0.02c1.99,0.08,2.3-0.68,2.28-2.43 C141.26,79.35,141.31,72.31,141.31,65.27z M391.24,35.82c-0.01,0-0.01,0-0.02,0c0-4.39,0.03-8.77-0.01-13.16 c-0.02-2.17-1.28-3.49-3.38-3.54c-2.11-0.05-3.33,1.29-3.53,3.41c-0.06,0.66-0.03,1.32-0.03,1.98c0,6.54-0.01,13.07,0.01,19.61 c0.01,1.73-0.44,3.78,0.33,5.09c0.81,1.36,3.11,0.28,4.65,0.81c1.86,0.64,2.02-0.3,2-1.8C391.2,44.1,391.24,39.96,391.24,35.82z M133.06,24.93c-2.33,0-4.65,0.05-6.98-0.02c-1.18-0.03-1.83,0.15-1.79,1.58c0.1,3.06,0.07,6.13,0.01,9.19 c-0.02,1.17,0.37,1.61,1.57,1.59c4.74-0.05,9.47-0.05,14.21,0c1.24,0.01,1.57-0.53,1.56-1.64c-0.04-3.06-0.05-6.13,0.01-9.19 c0.02-1.22-0.46-1.57-1.62-1.53C137.71,24.97,135.38,24.93,133.06,24.93z M370.39,40.55c0,1.91,0,3.81,0,5.72 c0,5.69-0.01,5.63,5.53,4.22c1.14-0.29,1.47-0.72,1.46-1.8c-0.04-5.97,0.03-11.94-0.05-17.9c-0.03-2.48-1.53-3.93-3.63-3.83 c-2.01,0.09-3.24,1.48-3.29,3.91C370.35,34.09,370.4,37.32,370.39,40.55z M404.82,55.52c0.12-0.2,0.27-0.32,0.27-0.45 c0.02-6.55,0.05-13.1,0.03-19.66c-0.01-2.3-1.38-3.83-3.32-3.9c-2.03-0.07-3.57,1.5-3.6,3.92c-0.06,5.14-0.01,10.29-0.03,15.43 c0,0.78,0.02,1.44,0.89,1.84C400.99,53.6,402.9,54.57,404.82,55.52z"></path><path class="st1" d="M476.98,134.45c1.31-0.41,2.63-0.8,3.94-1.23c11.05-3.66,18.5-13.79,18.52-25.41 c0.04-26.87,0.06-53.74,0-80.61c-0.03-14.87-11.98-26.63-26.87-26.63c-148.29,0-296.59,0.05-444.88-0.08 C14.81,0.47,3.58,9.27,0.84,20.78c-0.14,0.57,0.01,1.39-0.81,1.68c0-7.05,0.03-14.1-0.03-21.15c-0.01-1.07,0.21-1.47,1.28-1.25 c0.32,0.06,0.66,0.01,1,0.01c165.14,0,330.28,0,495.42-0.05c1.87,0,2.3,0.42,2.29,2.29c-0.06,43.38-0.06,86.77,0,130.15 c0,1.7-0.33,2.07-2.05,2.04C490.96,134.37,483.97,134.45,476.98,134.45z"></path><path class="st1" d="M0.03,112.55c0.75,0.22,0.6,0.94,0.74,1.44c2.9,10.51,9.68,17.1,20.21,19.91c0.39,0.1,0.84,0.08,1.03,0.54 c-6.91,0-13.82-0.03-20.73,0.03c-1.07,0.01-1.29-0.21-1.28-1.28C0.06,126.32,0.03,119.43,0.03,112.55z"></path><path class="st2" d="M417.3,83.86c0.01,16.65-12.36,30.32-28.4,32.16c-12.97,1.49-24.18-1.95-32.32-12.48 c-14.23-18.42-3.39-45.4,19.85-49.71c10.25-1.9,19.9-0.36,28.39,5.98C413.08,65.98,417.12,74.37,417.3,83.86z M391.54,78.57 c0-2.65-0.07-5.31,0.03-7.96c0.05-1.51-0.47-2.07-1.99-2.04c-3.82,0.07-7.65,0.1-11.48-0.01c-1.72-0.05-2.08,0.64-2.05,2.19 c0.08,4.47,0.03,8.95,0.03,13.43c0,4.06,0,4.06-4.15,4.33c-0.55,0.04-1.27-0.21-1.52,0.51c-0.24,0.68,0.42,1.02,0.8,1.41 c3.75,3.76,7.55,7.48,11.26,11.28c1,1.02,1.65,0.99,2.63-0.01c3.36-3.45,6.83-6.79,10.2-10.23c0.7-0.72,2.21-1.3,1.69-2.45 c-0.48-1.05-1.97-0.55-2.97-0.47c-1.97,0.16-2.66-0.53-2.52-2.52C391.67,83.55,391.54,81.06,391.54,78.57z"></path><path class="st1" d="M266.78,57.78c0-9.36,0.05-18.73-0.04-28.09c-0.02-1.81,0.39-2.41,2.32-2.38c8.4,0.14,16.81-0.13,25.19,0.19 c8.52,0.32,16.25,3,22.69,8.9c13.3,12.18,13.02,43.05-13.68,50.72c-4.1,1.18-8.29,1.68-12.56,1.66c-7.15-0.02-14.3-0.07-21.45,0.04 c-1.9,0.03-2.54-0.42-2.52-2.44C266.84,76.85,266.78,67.31,266.78,57.78z M283.96,57.95c0,4.63,0.01,9.27-0.01,13.9 c0,1.06-0.02,1.94,1.51,1.88c3.4-0.13,6.8,0.14,10.18-0.49c7.45-1.4,11.86-6.5,12.34-14.36c0.46-7.64-3.57-13.45-10.73-15.64 c-3.74-1.14-7.57-0.74-11.37-0.9c-1.55-0.07-1.98,0.44-1.96,1.95C284.02,48.84,283.96,53.39,283.96,57.95z"></path><path class="st2" d="M31.91,58.04c0-9.45-0.01-18.9,0.01-28.34c0-0.99-0.4-2.24,1.43-2.19c10.22,0.25,20.47-0.59,30.66,0.47 c10.29,1.07,17.86,7.67,19.38,16.53c2.34,13.58-5.26,24.03-19,26.25c-4.3,0.69-8.63,0.6-12.94,0.48c-2.15-0.06-2.62,0.63-2.55,2.64 c0.16,4.22-0.03,8.45,0.09,12.68c0.05,1.69-0.34,2.31-2.16,2.25c-4.15-0.14-8.32-0.14-12.47,0c-1.91,0.06-2.53-0.42-2.5-2.43 C31.97,76.94,31.91,67.49,31.91,58.04z M48.96,49.76c0,2.24,0.01,4.47,0,6.71c0,0.78-0.03,1.5,1.11,1.48 c3.32-0.08,6.67,0.32,9.96-0.27c4.17-0.74,6.73-3.77,6.81-7.7c0.08-4.08-2.19-6.83-6.57-7.78c-3.36-0.73-6.79-0.19-10.19-0.35 c-1.14-0.05-1.12,0.66-1.12,1.45C48.97,45.45,48.96,47.61,48.96,49.76z"></path><path class="st1" d="M432.02,83.33c0,6.08-0.06,11.72,0.04,17.34c0.03,1.68-0.36,2.33-2.18,2.27c-4.07-0.13-8.15-0.07-12.23-0.02 c-1.47,0.02-1.96-0.18-1.14-1.78c5.91-11.49,5.69-22.9-0.67-34.16c-0.48-0.84-0.65-1.66-0.65-2.59c0.01-6.96,0.06-13.93-0.03-20.89 c-0.02-1.75,0.5-2.26,2.24-2.21c4.16,0.12,8.32,0.13,12.48-0.01c1.79-0.06,2.37,0.51,2.16,2.23c-0.13,1.11-0.02,2.24-0.02,3.84 c0.59-0.55,0.83-0.74,1.02-0.96c7.74-9.35,22.46-7.49,29.49,1.91c6.82,9.11,6.75,24.52-0.08,33.64 C456.08,90.42,441.88,93.72,432.02,83.33z M451.12,64.94c-0.02-6.13-3.94-10.61-9.4-10.75c-5.64-0.14-9.85,4.18-10.1,10.37 c-0.24,5.94,3.71,10.87,8.98,11.22C446.72,76.19,451.15,71.63,451.12,64.94z"></path><path class="st1" d="M225.73,69.75c-4.66,0-9.32,0.03-13.98-0.02c-1.43-0.02-1.71,0.34-1.17,1.71c1.9,4.86,7.58,7.24,13.42,5.53 c2.12-0.62,3.97-1.72,5.55-3.22c0.87-0.82,1.47-1,2.47-0.11c2.16,1.94,4.41,3.79,6.73,5.55c1.21,0.91,1.05,1.53,0.13,2.53 c-4.94,5.4-11.13,7.87-18.36,8.23c-12.95,0.63-23.3-6.87-25.96-18.94c-4.25-19.27,12.05-34.85,30.99-29.61 c9.23,2.55,15.54,11,16.19,21.64c0.41,6.71,0.41,6.71-6.27,6.71C232.23,69.75,228.98,69.75,225.73,69.75z M209.84,61.25 c5.11,0,10.1-0.01,15.08,0.01c0.83,0,1.4-0.01,1.24-1.19c-0.54-4.22-4.12-7.4-8.39-7.32C213.58,52.82,210.94,55.55,209.84,61.25z"></path><path class="st1" d="M172.62,40.46c7.62,0.16,14.12,2.65,18.94,8.83c0.97,1.25,1,1.98-0.38,2.93c-2.86,1.99-5.65,4.1-8.39,6.25 c-1,0.78-1.5,0.69-2.38-0.23c-4.65-4.82-10.52-5.12-14.4-0.83c-4.12,4.56-3.58,12.93,1.07,16.58c3.78,2.96,9.35,2.5,13.09-1.35 c1.36-1.4,2.21-1.37,3.62-0.25c2.4,1.91,4.9,3.71,7.47,5.39c1.43,0.94,1.65,1.62,0.5,3.02c-7.02,8.59-16.22,10.73-26.48,8.22 c-9.95-2.45-16.06-9.26-17.84-19.29C144.65,53.77,156.36,40.34,172.62,40.46z"></path><path class="st2" d="M345.28,50.24c1.17-1.8,1.91-3.06,2.76-4.23c2.55-3.54,6.13-5.19,10.41-5.55c1.27-0.11,2.03,0.06,2,1.64 c-0.08,4.81-0.05,9.61-0.01,14.42c0.01,1.17-0.44,1.51-1.59,1.64c-9.43,1.06-12.66,4.24-13.37,13.66 c-0.37,4.95-0.21,9.94-0.16,14.91c0.02,1.62-0.45,2.13-2.09,2.09c-4.32-0.11-8.65-0.08-12.97-0.01c-1.31,0.02-1.69-0.4-1.69-1.7 c0.04-14.67,0.04-29.34,0-44.01c0-1.42,0.42-1.84,1.83-1.81c4.41,0.08,8.81,0.07,13.22,0c1.31-0.02,1.75,0.4,1.7,1.7 C345.22,45.18,345.28,47.37,345.28,50.24z"></path><path class="st2" d="M104.99,50.33c1.26-1.9,2.04-3.27,2.99-4.5c2.54-3.28,5.95-4.91,10.1-5.13c1.31-0.07,1.98,0.12,1.95,1.67 c-0.08,4.73-0.04,9.45-0.02,14.18c0,1.03-0.12,1.6-1.44,1.72c-9.47,0.88-13.2,4.88-13.53,14.59c-0.16,4.64-0.09,9.29-0.02,13.93 c0.02,1.45-0.29,2.05-1.91,2.01c-4.32-0.11-8.65-0.09-12.98-0.01c-1.43,0.03-1.82-0.44-1.82-1.83c0.04-14.6,0.05-29.19,0-43.79 c0-1.47,0.54-1.8,1.89-1.78c4.33,0.07,8.65,0.08,12.98,0c1.43-0.03,1.9,0.43,1.83,1.84C104.92,45.37,104.99,47.52,104.99,50.33z"></path><path class="st1" d="M141.31,65.27c0,7.04-0.05,14.09,0.04,21.13c0.02,1.75-0.28,2.5-2.28,2.43c-4.15-0.16-8.31-0.12-12.47-0.02 c-1.56,0.04-1.95-0.5-1.94-1.98c0.05-14.5,0.05-29,0-43.5c-0.01-1.57,0.55-1.95,2.03-1.92c4.24,0.08,8.48,0.1,12.72-0.01 c1.59-0.04,1.95,0.52,1.93,2C141.28,50.68,141.31,57.98,141.31,65.27z"></path><path class="st3" d="M391.24,35.82c0,4.14-0.04,8.27,0.02,12.41c0.02,1.5-0.14,2.43-2,1.8c-1.55-0.53-3.85,0.55-4.65-0.81 c-0.78-1.3-0.33-3.36-0.33-5.09c-0.02-6.54-0.01-13.07-0.01-19.61c0-0.66-0.03-1.33,0.03-1.98c0.21-2.12,1.42-3.46,3.53-3.41 c2.1,0.05,3.36,1.37,3.38,3.54c0.04,4.38,0.01,8.77,0.01,13.16C391.23,35.82,391.24,35.82,391.24,35.82z"></path><path class="st4" d="M133.06,24.93c2.33,0,4.65,0.05,6.98-0.02c1.16-0.03,1.64,0.31,1.62,1.53c-0.06,3.06-0.04,6.13-0.01,9.19 c0.01,1.11-0.32,1.65-1.56,1.64c-4.74-0.05-9.47-0.05-14.21,0c-1.2,0.01-1.6-0.42-1.57-1.59c0.06-3.06,0.09-6.13-0.01-9.19 c-0.05-1.43,0.6-1.61,1.79-1.58C128.4,24.97,130.73,24.93,133.06,24.93z"></path><path class="st5" d="M370.39,40.55c0-3.23-0.04-6.47,0.02-9.7c0.05-2.43,1.28-3.81,3.29-3.91c2.09-0.1,3.59,1.35,3.63,3.83 c0.08,5.97,0.01,11.93,0.05,17.9c0.01,1.09-0.32,1.51-1.46,1.8c-5.54,1.42-5.53,1.47-5.53-4.22 C370.39,44.36,370.39,42.46,370.39,40.55z"></path><path class="st4" d="M404.82,55.52c-1.92-0.94-3.82-1.91-5.76-2.81c-0.86-0.4-0.89-1.07-0.89-1.84c0.01-5.14-0.04-10.29,0.03-15.43 c0.03-2.42,1.58-3.99,3.6-3.92c1.94,0.07,3.31,1.6,3.32,3.9c0.02,6.55-0.01,13.1-0.03,19.66 C405.09,55.19,404.94,55.32,404.82,55.52z"></path><path class="st6" d="M391.54,78.57c0,2.49,0.13,4.98-0.04,7.46c-0.14,1.99,0.55,2.68,2.52,2.52c1-0.08,2.48-0.59,2.97,0.47 c0.53,1.15-0.99,1.73-1.69,2.45c-3.37,3.44-6.83,6.79-10.2,10.23c-0.98,1-1.63,1.04-2.63,0.01c-3.71-3.8-7.51-7.52-11.26-11.28 c-0.39-0.39-1.04-0.73-0.8-1.41c0.25-0.72,0.98-0.47,1.52-0.51c4.15-0.27,4.15-0.26,4.15-4.33c0-4.48,0.05-8.95-0.03-13.43 c-0.03-1.55,0.33-2.24,2.05-2.19c3.82,0.11,7.65,0.08,11.48,0.01c1.53-0.03,2.05,0.53,1.99,2.04 C391.47,73.26,391.54,75.92,391.54,78.57z"></path><path class="st7" d="M283.96,57.95c0-4.55,0.06-9.11-0.03-13.66c-0.03-1.51,0.4-2.02,1.96-1.95c3.8,0.16,7.63-0.24,11.37,0.9 c7.17,2.19,11.2,8,10.73,15.64c-0.48,7.86-4.89,12.95-12.34,14.36c-3.38,0.64-6.79,0.36-10.18,0.49c-1.53,0.06-1.51-0.82-1.51-1.88 C283.97,67.21,283.96,62.58,283.96,57.95z"></path><path class="st7" d="M48.96,49.76c0-2.15,0.01-4.31,0-6.46c0-0.79-0.02-1.5,1.12-1.45c3.4,0.16,6.82-0.38,10.19,0.35 c4.38,0.95,6.66,3.69,6.57,7.78c-0.08,3.93-2.65,6.96-6.81,7.7c-3.28,0.59-6.64,0.19-9.96,0.27c-1.14,0.03-1.11-0.69-1.11-1.48 C48.97,54.23,48.96,52,48.96,49.76z"></path><path class="st6" d="M451.12,64.94c0.03,6.68-4.4,11.25-10.52,10.84c-5.27-0.35-9.22-5.28-8.98-11.22 c0.25-6.18,4.46-10.5,10.1-10.37C447.18,54.33,451.1,58.81,451.12,64.94z"></path><path class="st8" d="M209.84,61.25c1.1-5.7,3.74-8.43,7.93-8.5c4.27-0.08,7.85,3.1,8.39,7.32c0.15,1.18-0.41,1.19-1.24,1.19 C219.94,61.24,214.95,61.25,209.84,61.25z"></path></g></svg></span></span></span></div><ul></ul></div><div class="co-item__col3 co-item__col3--rest-in-shelf"><div class="co-item__price-container co-item__price-container--rest-in-shelf"><div><span class="co-product__was-price"><span class="co-product__hidden-label">was &nbsp;</span>£5.05</span><strong class="co-product__price"><span class="co-product__hidden-label"> now </span>£4.75</strong><p class="co-item__price-per-uom-msg"><span class="co-product__price-per-uom">(£6.33/kg)</span></p></div></div><div class="co-item__quantity-container co-item__quantity-container--rest-in-shelf"><div class="co-item__quantity-container"><div class="quantity-button"><div class="add-button-with-tooltip"><div class="tooltip-wrapper"><button data-auto-id="btnAdd" type="button" class="asda-btn asda-btn--primary asda-btn--fluid add-button" aria-label="Add item ASDA Delicious Unsmoked Gammon Joint to cart" data-di-id="di-id-bd5e14ce-b3d9e896">Add</button></div></div></div></div></div></div><div class="co-item__col4"><a class="asda-link asda-link--primary" data-auto-id="linkViewTheShelf" target="_self" href="/shelf/meat-poultry-fish/meat-poultry/bacon-sausages-gammon/gammon/1215135760597-910000975206-910000975529-910000977100" data-di-id="di-id-f36189d6-d71e1149">View the shelf</a></div></div></div></li><li class=" co-item co-item--rest-in-shelf " style="order: 30;"><div><div class="co-product"><div class="co-item__col1 co-item__col1--rest-in-shelf"><button type="button" data-auto-id="linkProductImage" class="asda-link asda-link--primary asda-link--button" aria-disabled="false"><div class="thumbnail__image-container co-product__image co-product__image--rest-in-shelf co-item__image"><picture class="asda-image picture"><source type="image/webp" srcset="https://ui.assets-asda.com/dm/asdagroceries/5054781380139?$ProdList2x$=&amp;fmt=webp&amp;qlt=50"><img alt="ASDA Flavoursome Half Salmon Side" class="asda-img asda-image thumbnail__image" data-auto-id="" src="https://ui.assets-asda.com/dm/asdagroceries/5054781380139?$ProdList2x$=&amp;fmt=jpg&amp;qlt=50" loading="lazy" title="ASDA Flavoursome Half Salmon Side"></picture></div></button><div class="co-item__items-container"><div class="co-item-fsl__favourites-image-container co-item__items" role="presentation" data-auto-id="favouritesAndShoppingList"><div class="context-wrapper"><button data-auto-id="" type="button" class="asda-btn asda-btn--plain asda-btn--icon co-item-fsl__favourites-button" aria-label="options for favourite shopping list" aria-expanded="false"><span role="img" data-auto-id="" class="asda-icon asda-icon--white asda-icon--regular asda-icon--rotate0 co-item-fsl__favourites-image co-item__items"><svg viewBox="0 0 35 23" xmlns="http://www.w3.org/2000/svg" xmlns:xlink="http://www.w3.org/1999/xlink" data-di-res-id="46845138-de33ae01" data-di-rand="1700859408966"><defs><path id="asda_fav_list_1" d="M7.02 2C7 2.344 7 2.685 7 3h6c0-.315 0-.656-.02-1H18c1 0 2 .784 2 1.667v17.667C20 22.167 19 23 18 23H2c-1 0-2-.833-2-1.666V3.667C0 2.833 1 2 2 2h5.02zM12 2H8c0-1 1-2 2-2s2 1 2 2zM7 17v2h10v-2H7zm-4-5v2h2v-2H3zm0-5v2h2V7H3zm0 10v2h2v-2H3zm4-5v2h10v-2H7zm0-5v2h10V7H7z"></path><path id="asda_fav_list_2" d="M24 21c-1.818-1.8-10-7.65-10-12.6C14 5.7 15.818 3 19 3c2 0 4 .82 5 3.295C25 3.82 27 3 29 3c3.182 0 5 2.7 5 5.4 0 4.95-8.182 10.8-10 12.6z"></path></defs><g class="asda-icon__draw" fill="none" fill-rule="evenodd"><use fill="#3d3d3d" xlink:href="#asda_fav_list_1"></use><use class="asda-icon__draw" fill="#FFF" stroke="#3d3d3d" stroke-width="1.9" xlink:href="#asda_fav_list_2"></use></g></svg></span></button></div></div><div class="co-item__volume-container co-item__items"><span class="co-product__volume co-item__volume">500g      </span></div></div></div><div class="co-item__col2 co-item__col2--rest-in-shelf co-item__col2--has-icon-list"><div class="co-item__title-container co-item__title-container--rest-in-shelf"><h3 class="co-product__title"><a class="co-product__anchor" data-auto-id="linkProductTitle" href="/product/salmon/asda-flavoursome-half-salmon-side/910003009537" data-di-id="di-id-b52f6e4a-2ab6a70c">ASDA Flavoursome Half Salmon Side</a></h3></div><div class="co-item__rating-container"><button type="button" data-auto-id="linkProductRating" class="asda-link asda-link--primary asda-link--button co-product__rating" aria-disabled="false" aria-label="4.22 stars out of 5 based on 40 reviews, you will be taken to the reviews on clicking this" data-di-id="di-id-f9fe053c-b83849ce"><div class="rating-stars rating-stars--windows"><div class="rating-stars__stars rating-stars__stars--top" aria-hidden="true" style="width: 84.4%;"><span aria-hidden="true">★</span><span aria-hidden="true">★</span><span aria-hidden="true">★</span><span aria-hidden="true">★</span><span aria-hidden="true">★</span></div><div class="rating-stars__stars rating-stars__stars--bottom" aria-hidden="true"><span aria-hidden="true">☆</span><span aria-hidden="true">☆</span><span aria-hidden="true">☆</span><span aria-hidden="true">☆</span><span aria-hidden="true">☆</span></div></div><span class="co-product__review-count" aria-hidden="true">(40)</span></button></div><div class="co-item__bundled-item-count-container"></div><div class="co-item__promo-container co-item__promo-container--rest-in-shelf"></div><ul><div class="co-item__icon-list-container"><ul class="co-product__promo-icon-list co-item__promo-icon-list co-item__promo-icon-list--list-position"><li class="co-product__promo-icon-item"><div class="co-product__promo-icon-image-cntr"><button data-auto-id="btnPromo" type="button" class="asda-btn asda-btn--plain co-product__promo-icon-button" aria-label="show information on Typically fresh for 3 days"><picture class="asda-image picture"><source srcset="https://ui.assets-asda.com/dm/produce-3-days-icon?$Icon-wapp2x$=&amp;qlt=50"><img alt="Typically fresh for 3 days" class="asda-img asda-image co-product__promo-icon-img" data-auto-id="" src="https://ui.assets-asda.com/dm/produce-3-days-icon?$Icon-wapp2x$=&amp;qlt=50" loading="lazy" title="Typically fresh for 3 days"></picture></button></div></li></ul></div></ul></div><div class="co-item__col3 co-item__col3--rest-in-shelf"><div class="co-item__price-container co-item__price-container--rest-in-shelf"><span class="co-item__price-per-uom"><strong class="co-product__price"><span class="co-product__hidden-label"> now </span>£9.20</strong><p class="co-item__price-per-uom-msg"><span class="co-product__price-per-uom">(£18.40/kg)</span></p></span></div><div class="co-item__quantity-container co-item__quantity-container--rest-in-shelf"><div class="co-item__quantity-container"><div class="quantity-button"><div class="add-button-with-tooltip"><div class="tooltip-wrapper"><button data-auto-id="btnAdd" type="button" class="asda-btn asda-btn--primary asda-btn--fluid add-button" aria-label="Add item ASDA Flavoursome Half Salmon Side to cart" data-di-id="di-id-bd5e14ce-b3d9e896">Add</button></div></div></div></div></div></div><div class="co-item__col4"><a class="asda-link asda-link--primary" data-auto-id="linkViewTheShelf" target="_self" href="/aisle/meat-poultry-fish/fish-seafood/salmon/1215135760597-1215337195095-1215685901159" data-di-id="di-id-9404a7e0-69a8840c">View the shelf</a></div></div></div></li><li class=" co-item co-item--rest-in-shelf " style="order: 31;"><div><div class="co-product"><div class="co-item__col1 co-item__col1--rest-in-shelf"><button type="button" data-auto-id="linkProductImage" class="asda-link asda-link--primary asda-link--button" aria-disabled="false"><div class="thumbnail__image-container co-product__image co-product__image--rest-in-shelf co-item__image"><picture class="asda-image picture"><source type="image/webp" srcset="https://ui.assets-asda.com/dm/asdagroceries/5054070265697?$ProdList2x$=&amp;fmt=webp&amp;qlt=50"><img alt="ASDA Delicious 2 Unsmoked Gammon Steaks" class="asda-img asda-image thumbnail__image" data-auto-id="" src="https://ui.assets-asda.com/dm/asdagroceries/5054070265697?$ProdList2x$=&amp;fmt=jpg&amp;qlt=50" loading="lazy" title="ASDA Delicious 2 Unsmoked Gammon Steaks"></picture></div></button><div class="co-item__items-container"><div class="co-item-fsl__favourites-image-container co-item__items" role="presentation" data-auto-id="favouritesAndShoppingList"><div class="context-wrapper"><button data-auto-id="" type="button" class="asda-btn asda-btn--plain asda-btn--icon co-item-fsl__favourites-button" aria-label="options for favourite shopping list" aria-expanded="false"><span role="img" data-auto-id="" class="asda-icon asda-icon--white asda-icon--regular asda-icon--rotate0 co-item-fsl__favourites-image co-item__items"><svg viewBox="0 0 35 23" xmlns="http://www.w3.org/2000/svg" xmlns:xlink="http://www.w3.org/1999/xlink" data-di-res-id="fe38365d-8c2b100b" data-di-rand="1700859408967"><defs><path id="asda_fav_list_1" d="M7.02 2C7 2.344 7 2.685 7 3h6c0-.315 0-.656-.02-1H18c1 0 2 .784 2 1.667v17.667C20 22.167 19 23 18 23H2c-1 0-2-.833-2-1.666V3.667C0 2.833 1 2 2 2h5.02zM12 2H8c0-1 1-2 2-2s2 1 2 2zM7 17v2h10v-2H7zm-4-5v2h2v-2H3zm0-5v2h2V7H3zm0 10v2h2v-2H3zm4-5v2h10v-2H7zm0-5v2h10V7H7z"></path><path id="asda_fav_list_2" d="M24 21c-1.818-1.8-10-7.65-10-12.6C14 5.7 15.818 3 19 3c2 0 4 .82 5 3.295C25 3.82 27 3 29 3c3.182 0 5 2.7 5 5.4 0 4.95-8.182 10.8-10 12.6z"></path></defs><g class="asda-icon__draw" fill="none" fill-rule="evenodd"><use fill="#3d3d3d" xlink:href="#asda_fav_list_1"></use><use class="asda-icon__draw" fill="#FFF" stroke="#3d3d3d" stroke-width="1.9" xlink:href="#asda_fav_list_2"></use></g></svg></span></button></div></div><div class="co-item__volume-container co-item__items"><span class="co-product__volume co-item__volume">450g      </span></div></div><div class="link-save-banner"><a class="link-save-banner-large__anchor link-save-banner-large__anchor--hyperlink" data-auto-id="linkPromoDetail" href="/promotion/2-for-8/ls92836" data-di-id="di-id-a30e8dee-4e34d33"><div class="link-save-banner-large__meat-sticker"><span class="link-save-banner-large__config link-save-banner-large__config--block link-save-banner-large__config--font-normal link-save-banner-large__config--center link-save-banner-large__config--height-normal">Any 2 for </span><span class="link-save-banner-large__config link-save-banner-large__config--block link-save-banner-large__config--font-huge link-save-banner-large__config--up-small">£8</span><span class="link-save-banner-large__view-all">View all</span></div></a></div></div><div class="co-item__col2 co-item__col2--rest-in-shelf co-item__col2--has-icon-list"><div class="co-item__title-container co-item__title-container--rest-in-shelf"><h3 class="co-product__title"><a class="co-product__anchor" data-auto-id="linkProductTitle" href="/product/gammon/asda-delicious-2-unsmoked-gammon-steaks/910001355002" data-di-id="di-id-39cd4d70-cbed772e">ASDA Delicious 2 Unsmoked Gammon Steaks</a></h3></div><div class="co-item__rating-container"><button type="button" data-auto-id="linkProductRating" class="asda-link asda-link--primary asda-link--button co-product__rating" aria-disabled="false" aria-label="3.64 stars out of 5 based on 50+ reviews, you will be taken to the reviews on clicking this" data-di-id="di-id-f9fe053c-665ea5f8"><div class="rating-stars rating-stars--windows"><div class="rating-stars__stars rating-stars__stars--top" aria-hidden="true" style="width: 72.8%;"><span aria-hidden="true">★</span><span aria-hidden="true">★</span><span aria-hidden="true">★</span><span aria-hidden="true">★</span><span aria-hidden="true">★</span></div><div class="rating-stars__stars rating-stars__stars--bottom" aria-hidden="true"><span aria-hidden="true">☆</span><span aria-hidden="true">☆</span><span aria-hidden="true">☆</span><span aria-hidden="true">☆</span><span aria-hidden="true">☆</span></div></div><span class="co-product__review-count" aria-hidden="true">(50+)</span></button></div><div class="co-item__bundled-item-count-container"></div><div class="co-item__promo-container co-item__promo-container--rest-in-shelf"></div><ul><div class="co-item__icon-list-container"><ul class="co-product__promo-icon-list co-item__promo-icon-list co-item__promo-icon-list--list-position"><li class="co-product__promo-icon-item"><div class="co-product__promo-icon-image-cntr"><button data-auto-id="btnPromo" type="button" class="asda-btn asda-btn--plain co-product__promo-icon-button" aria-label="show information on Serves 2"><picture class="asda-image picture"><source srcset="https://ui.assets-asda.com/dm/icon_serves?$serves=2&amp;$Icon-wapp2x$=&amp;qlt=50"><img alt="Serves 2" class="asda-img asda-image co-product__promo-icon-img" data-auto-id="" src="https://ui.assets-asda.com/dm/icon_serves?$serves=2&amp;$Icon-wapp2x$=&amp;qlt=50" loading="lazy" title="Serves 2"></picture></button></div></li></ul></div></ul></div><div class="co-item__col3 co-item__col3--rest-in-shelf"><div class="co-item__price-container co-item__price-container--rest-in-shelf"><span class="co-item__price-per-uom"><strong class="co-product__price"><span class="co-product__hidden-label"> now </span>£4.50</strong><p class="co-item__price-per-uom-msg"><span class="co-product__price-per-uom">(£10.00/kg)</span></p></span></div><div class="co-item__quantity-container co-item__quantity-container--rest-in-shelf"><div class="co-item__quantity-container"><div class="quantity-button"><div class="add-button-with-tooltip"><div class="tooltip-wrapper"><button data-auto-id="btnAdd" type="button" class="asda-btn asda-btn--primary asda-btn--fluid add-button" aria-label="Add item ASDA Delicious 2 Unsmoked Gammon Steaks to cart" data-di-id="di-id-bd5e14ce-b3d9e896">Add</button></div></div></div></div></div></div><div class="co-item__col4"><a class="asda-link asda-link--primary" data-auto-id="linkViewTheShelf" target="_self" href="/shelf/meat-poultry-fish/meat-poultry/bacon-sausages-gammon/gammon/1215135760597-910000975206-910000975529-910000977100" data-di-id="di-id-f36189d6-d71e1149">View the shelf</a></div></div></div></li><li class=" co-item co-item--rest-in-shelf " style="order: 32;"><div><div class="co-product"><div class="co-item__col1 co-item__col1--rest-in-shelf"><button type="button" data-auto-id="linkProductImage" class="asda-link asda-link--primary asda-link--button" aria-disabled="false"><div class="thumbnail__image-container co-product__image co-product__image--rest-in-shelf co-item__image"><picture class="asda-image picture"><source type="image/webp" srcset="https://ui.assets-asda.com/dm/asdagroceries/0216430000002?$ProdList2x$=&amp;fmt=webp&amp;qlt=50"><img alt="JUST ESSENTIALS by ASDA Salmon Portions" class="asda-img asda-image thumbnail__image" data-auto-id="" src="https://ui.assets-asda.com/dm/asdagroceries/0216430000002?$ProdList2x$=&amp;fmt=jpg&amp;qlt=50" loading="lazy" title="JUST ESSENTIALS by ASDA Salmon Portions"></picture></div></button><div class="co-item__items-container"><div class="co-item-fsl__favourites-image-container co-item__items" role="presentation" data-auto-id="favouritesAndShoppingList"><div class="context-wrapper"><button data-auto-id="" type="button" class="asda-btn asda-btn--plain asda-btn--icon co-item-fsl__favourites-button" aria-label="options for favourite shopping list" aria-expanded="false"><span role="img" data-auto-id="" class="asda-icon asda-icon--white asda-icon--regular asda-icon--rotate0 co-item-fsl__favourites-image co-item__items"><svg viewBox="0 0 35 23" xmlns="http://www.w3.org/2000/svg" xmlns:xlink="http://www.w3.org/1999/xlink" data-di-res-id="a65b260b-8abf23c4" data-di-rand="1700859408968"><defs><path id="asda_fav_list_1" d="M7.02 2C7 2.344 7 2.685 7 3h6c0-.315 0-.656-.02-1H18c1 0 2 .784 2 1.667v17.667C20 22.167 19 23 18 23H2c-1 0-2-.833-2-1.666V3.667C0 2.833 1 2 2 2h5.02zM12 2H8c0-1 1-2 2-2s2 1 2 2zM7 17v2h10v-2H7zm-4-5v2h2v-2H3zm0-5v2h2V7H3zm0 10v2h2v-2H3zm4-5v2h10v-2H7zm0-5v2h10V7H7z"></path><path id="asda_fav_list_2" d="M24 21c-1.818-1.8-10-7.65-10-12.6C14 5.7 15.818 3 19 3c2 0 4 .82 5 3.295C25 3.82 27 3 29 3c3.182 0 5 2.7 5 5.4 0 4.95-8.182 10.8-10 12.6z"></path></defs><g class="asda-icon__draw" fill="none" fill-rule="evenodd"><use fill="#3d3d3d" xlink:href="#asda_fav_list_1"></use><use class="asda-icon__draw" fill="#FFF" stroke="#3d3d3d" stroke-width="1.9" xlink:href="#asda_fav_list_2"></use></g></svg></span></button></div></div><div class="co-item__volume-container co-item__items"><span class="co-product__volume co-item__volume">per kg    </span></div></div></div><div class="co-item__col2 co-item__col2--rest-in-shelf co-item__col2--has-icon-list"><div class="co-item__title-container co-item__title-container--rest-in-shelf"><h3 class="co-product__title"><a class="co-product__anchor" data-auto-id="linkProductTitle" href="/product/salmon/just-essentials-by-asda-salmon-portions/1000364637755" data-di-id="di-id-39cd4d70-244c2a27">JUST ESSENTIALS by ASDA Salmon Portions</a></h3></div><div class="co-item__rating-container"><button type="button" data-auto-id="linkProductRating" class="asda-link asda-link--primary asda-link--button co-product__rating" aria-disabled="false" aria-label="2.96 stars out of 5 based on 50+ reviews, you will be taken to the reviews on clicking this" data-di-id="di-id-f9fe053c-665ea5f8"><div class="rating-stars rating-stars--windows"><div class="rating-stars__stars rating-stars__stars--top" aria-hidden="true" style="width: 59.2%;"><span aria-hidden="true">★</span><span aria-hidden="true">★</span><span aria-hidden="true">★</span><span aria-hidden="true">★</span><span aria-hidden="true">★</span></div><div class="rating-stars__stars rating-stars__stars--bottom" aria-hidden="true"><span aria-hidden="true">☆</span><span aria-hidden="true">☆</span><span aria-hidden="true">☆</span><span aria-hidden="true">☆</span><span aria-hidden="true">☆</span></div></div><span class="co-product__review-count" aria-hidden="true">(50+)</span></button></div><div class="co-item__bundled-item-count-container"></div><div class="co-item__promo-container co-item__promo-container--rest-in-shelf"></div><ul><div class="co-item__icon-list-container"><ul class="co-product__promo-icon-list co-item__promo-icon-list co-item__promo-icon-list--list-position"><li class="co-product__promo-icon-item"><div class="co-product__promo-icon-image-cntr"><button data-auto-id="btnPromo" type="button" class="asda-btn asda-btn--plain co-product__promo-icon-button" aria-label="show information on Typically fresh for 4 days"><picture class="asda-image picture"><source srcset="https://ui.assets-asda.com/dm/produce-4-days-icon?$Icon-wapp2x$=&amp;qlt=50"><img alt="Typically fresh for 4 days" class="asda-img asda-image co-product__promo-icon-img" data-auto-id="" src="https://ui.assets-asda.com/dm/produce-4-days-icon?$Icon-wapp2x$=&amp;qlt=50" loading="lazy" title="Typically fresh for 4 days"></picture></button></div></li></ul></div></ul></div><div class="co-item__col3 co-item__col3--rest-in-shelf"><div class="co-item__price-container co-item__price-container--rest-in-shelf"><span class="co-item__price-per-uom"><strong class="co-product__price"><span class="co-product__hidden-label"> now </span>£4.60</strong><p class="co-item__price-per-uom-msg"><span class="co-product__price-per-uom">(£11.49/kg)</span></p></span></div><div class="co-item__quantity-container co-item__quantity-container--rest-in-shelf"><div class="co-item__quantity-container"><div class="quantity-button"><div class="add-button-with-tooltip"><div class="tooltip-wrapper"><button data-auto-id="btnAdd" type="button" class="asda-btn asda-btn--primary asda-btn--fluid add-button" aria-label="Add item JUST ESSENTIALS by ASDA Salmon Portions to cart" data-di-id="di-id-bd5e14ce-b3d9e896">Add</button></div></div></div></div></div></div><div class="co-item__col4"><a class="asda-link asda-link--primary" data-auto-id="linkViewTheShelf" target="_self" href="/aisle/meat-poultry-fish/fish-seafood/salmon/1215135760597-1215337195095-1215685901159" data-di-id="di-id-9404a7e0-69a8840c">View the shelf</a></div></div></div></li><li class=" co-item co-item--rest-in-shelf " style="order: 33;"><div><div class="co-product"><div class="co-item__col1 co-item__col1--rest-in-shelf"><button type="button" data-auto-id="linkProductImage" class="asda-link asda-link--primary asda-link--button" aria-disabled="false"><div class="thumbnail__image-container co-product__image co-product__image--rest-in-shelf co-item__image"><picture class="asda-image picture"><source type="image/webp" srcset="https://ui.assets-asda.com/dm/asdagroceries/5052449453966?$ProdList2x$=&amp;fmt=webp&amp;qlt=50"><img alt="ASDA Flavoursome Smoked Gammon Joint" class="asda-img asda-image thumbnail__image" data-auto-id="" src="https://ui.assets-asda.com/dm/asdagroceries/5052449453966?$ProdList2x$=&amp;fmt=jpg&amp;qlt=50" loading="lazy" title="ASDA Flavoursome Smoked Gammon Joint"></picture></div></button><div class="co-item__items-container"><div class="co-item-fsl__favourites-image-container co-item__items" role="presentation" data-auto-id="favouritesAndShoppingList"><div class="context-wrapper"><button data-auto-id="" type="button" class="asda-btn asda-btn--plain asda-btn--icon co-item-fsl__favourites-button" aria-label="options for favourite shopping list" aria-expanded="false"><span role="img" data-auto-id="" class="asda-icon asda-icon--white asda-icon--regular asda-icon--rotate0 co-item-fsl__favourites-image co-item__items"><svg viewBox="0 0 35 23" xmlns="http://www.w3.org/2000/svg" xmlns:xlink="http://www.w3.org/1999/xlink" data-di-res-id="a65b260b-d8856ed6" data-di-rand="1700859408968"><defs><path id="asda_fav_list_1" d="M7.02 2C7 2.344 7 2.685 7 3h6c0-.315 0-.656-.02-1H18c1 0 2 .784 2 1.667v17.667C20 22.167 19 23 18 23H2c-1 0-2-.833-2-1.666V3.667C0 2.833 1 2 2 2h5.02zM12 2H8c0-1 1-2 2-2s2 1 2 2zM7 17v2h10v-2H7zm-4-5v2h2v-2H3zm0-5v2h2V7H3zm0 10v2h2v-2H3zm4-5v2h10v-2H7zm0-5v2h10V7H7z"></path><path id="asda_fav_list_2" d="M24 21c-1.818-1.8-10-7.65-10-12.6C14 5.7 15.818 3 19 3c2 0 4 .82 5 3.295C25 3.82 27 3 29 3c3.182 0 5 2.7 5 5.4 0 4.95-8.182 10.8-10 12.6z"></path></defs><g class="asda-icon__draw" fill="none" fill-rule="evenodd"><use fill="#3d3d3d" xlink:href="#asda_fav_list_1"></use><use class="asda-icon__draw" fill="#FFF" stroke="#3d3d3d" stroke-width="1.9" xlink:href="#asda_fav_list_2"></use></g></svg></span></button></div></div><div class="co-item__volume-container co-item__items"><span class="co-product__volume co-item__volume">750g      </span></div></div></div><div class="co-item__col2 co-item__col2--rest-in-shelf"><div class="co-item__title-container co-item__title-container--rest-in-shelf"><h3 class="co-product__title"><a class="co-product__anchor" data-auto-id="linkProductTitle" href="/product/gammon/asda-flavoursome-smoked-gammon-joint/910000877098" data-di-id="di-id-fab5787d-b4eb1fb0">ASDA Flavoursome Smoked Gammon Joint</a></h3></div><div class="co-item__rating-container"><button type="button" data-auto-id="linkProductRating" class="asda-link asda-link--primary asda-link--button co-product__rating" aria-disabled="false" aria-label="3.72 stars out of 5 based on 50+ reviews, you will be taken to the reviews on clicking this" data-di-id="di-id-f9fe053c-665ea5f8"><div class="rating-stars rating-stars--windows"><div class="rating-stars__stars rating-stars__stars--top" aria-hidden="true" style="width: 74.4%;"><span aria-hidden="true">★</span><span aria-hidden="true">★</span><span aria-hidden="true">★</span><span aria-hidden="true">★</span><span aria-hidden="true">★</span></div><div class="rating-stars__stars rating-stars__stars--bottom" aria-hidden="true"><span aria-hidden="true">☆</span><span aria-hidden="true">☆</span><span aria-hidden="true">☆</span><span aria-hidden="true">☆</span><span aria-hidden="true">☆</span></div></div><span class="co-product__review-count" aria-hidden="true">(50+)</span></button></div><div class="co-item__bundled-item-count-container"></div><div class="co-item__promo-container co-item__promo-container--rest-in-shelf"><span data-auto-id="secondaryPromoBanner" class="co-product__promo co-product__promo--staying-back co-product__promo--rest-in-shelf" title="Price Dropped"><span class="co-product__promo-text"><span role="img" data-auto-id="" class="asda-icon asda-icon--charcoal asda-icon--regular asda-icon--rotate0 asda-icon--brand"><svg version="1.1" id="PriceDrop_x5F_Flash_xA0_Image_00000163058657618685786750000014984843253156226455_" xmlns="http://www.w3.org/2000/svg" xmlns:xlink="http://www.w3.org/1999/xlink" x="0px" y="0px" viewBox="0 0 500 134.5" style="enable-background:new 0 0 500 134.5;" xml:space="preserve" data-di-res-id="1ee7416e-25580df0" data-di-rand="1700859408969"><style type="text/css"> .st0{fill:#D33030;} .st1{fill:#FEFCFC;} .st2{fill:#FEFDFD;} .st3{fill:#FDF7F7;} .st4{fill:#FDF8F8;} .st5{fill:#FCF7F7;} .st6{fill:#D43232;} .st7{fill:#D33131;} .st8{fill:#D43535;} </style><g><path class="st0" d="M476.98,134.45c-151.66,0-303.31,0-454.97,0c-0.19-0.47-0.64-0.44-1.03-0.54 c-10.53-2.81-17.3-9.41-20.21-19.91c-0.14-0.5,0.01-1.22-0.74-1.44c0-30.03,0-60.06,0-90.09c0.81-0.29,0.67-1.11,0.81-1.68 C3.58,9.27,14.81,0.47,27.68,0.48c148.29,0.13,296.59,0.08,444.88,0.08c14.88,0,26.83,11.76,26.87,26.63 c0.06,26.87,0.05,53.74,0,80.61c-0.02,11.62-7.47,21.75-18.52,25.41C479.61,133.65,478.29,134.04,476.98,134.45z M417.3,83.86 c-0.17-9.5-4.22-17.88-12.47-24.05c-8.49-6.34-18.14-7.88-28.39-5.98c-23.24,4.31-34.09,31.29-19.85,49.71 c8.14,10.53,19.34,13.97,32.32,12.48C404.94,114.19,417.31,100.51,417.3,83.86z M266.78,57.78c0,9.53,0.06,19.06-0.05,28.59 c-0.02,2.02,0.61,2.47,2.52,2.44c7.15-0.1,14.3-0.06,21.45-0.04c4.27,0.01,8.46-0.49,12.56-1.66c26.7-7.67,26.97-38.54,13.68-50.72 c-6.44-5.9-14.17-8.58-22.69-8.9c-8.39-0.32-16.8-0.06-25.19-0.19c-1.93-0.03-2.33,0.57-2.32,2.38 C266.83,39.05,266.78,48.42,266.78,57.78z M31.91,58.04c0,9.45,0.06,18.9-0.05,28.34c-0.02,2.01,0.59,2.49,2.5,2.43 c4.15-0.14,8.32-0.14,12.47,0c1.82,0.06,2.21-0.57,2.16-2.25c-0.12-4.22,0.07-8.46-0.09-12.68c-0.08-2.01,0.4-2.7,2.55-2.64 c4.31,0.12,8.63,0.21,12.94-0.48c13.74-2.22,21.33-12.67,19-26.25c-1.52-8.86-9.09-15.46-19.38-16.53 c-10.19-1.06-20.44-0.22-30.66-0.47c-1.83-0.05-1.43,1.2-1.43,2.19C31.9,39.15,31.91,48.59,31.91,58.04z M432.02,83.33 c9.87,10.39,24.07,7.09,30.43-1.4c6.83-9.12,6.91-24.53,0.08-33.64c-7.04-9.4-21.75-11.25-29.49-1.91 c-0.19,0.23-0.43,0.41-1.02,0.96c0-1.6-0.11-2.73,0.02-3.84c0.2-1.72-0.37-2.29-2.16-2.23c-4.16,0.14-8.32,0.12-12.48,0.01 c-1.74-0.05-2.26,0.46-2.24,2.21c0.09,6.96,0.04,13.93,0.03,20.89c0,0.93,0.17,1.75,0.65,2.59c6.36,11.26,6.58,22.68,0.67,34.16 c-0.82,1.59-0.33,1.79,1.14,1.78c4.08-0.04,8.16-0.1,12.23,0.02c1.81,0.06,2.2-0.59,2.18-2.27 C431.96,95.04,432.02,89.41,432.02,83.33z M225.73,69.75c3.25,0,6.49,0,9.74,0c6.67,0,6.67,0,6.27-6.71 c-0.64-10.64-6.96-19.08-16.19-21.64c-18.93-5.24-35.24,10.34-30.99,29.61c2.66,12.07,13.01,19.57,25.96,18.94 c7.23-0.35,13.42-2.83,18.36-8.23c0.91-1,1.07-1.61-0.13-2.53c-2.32-1.76-4.56-3.61-6.73-5.55c-1-0.89-1.59-0.72-2.47,0.11 c-1.58,1.5-3.44,2.6-5.55,3.22c-5.84,1.71-11.52-0.67-13.42-5.53c-0.54-1.37-0.26-1.73,1.17-1.71 C216.41,69.78,221.07,69.75,225.73,69.75z M172.62,40.46c-16.26-0.12-27.97,13.31-25.15,29.27c1.77,10.03,7.88,16.85,17.84,19.29 c10.25,2.52,19.45,0.38,26.48-8.22c1.15-1.41,0.92-2.09-0.5-3.02c-2.57-1.68-5.06-3.49-7.47-5.39c-1.42-1.12-2.27-1.15-3.62,0.25 c-3.74,3.85-9.31,4.31-13.09,1.35c-4.65-3.65-5.19-12.02-1.07-16.58c3.88-4.29,9.74-3.99,14.4,0.83c0.88,0.92,1.38,1.01,2.38,0.23 c2.74-2.15,5.52-4.26,8.39-6.25c1.38-0.96,1.35-1.69,0.38-2.93C186.74,43.12,180.24,40.62,172.62,40.46z M345.28,50.24 c0-2.86-0.06-5.06,0.02-7.25c0.05-1.29-0.38-1.72-1.7-1.7c-4.41,0.07-8.82,0.08-13.22,0c-1.41-0.03-1.83,0.39-1.83,1.81 c0.05,14.67,0.04,29.34,0,44.01c0,1.3,0.38,1.72,1.69,1.7c4.32-0.07,8.65-0.1,12.97,0.01c1.64,0.04,2.11-0.47,2.09-2.09 c-0.06-4.97-0.21-9.96,0.16-14.91c0.7-9.42,3.94-12.6,13.37-13.66c1.15-0.13,1.6-0.47,1.59-1.64c-0.04-4.81-0.07-9.61,0.01-14.42 c0.03-1.58-0.74-1.75-2-1.64c-4.28,0.37-7.86,2.01-10.41,5.55C347.19,47.18,346.45,48.43,345.28,50.24z M104.99,50.33 c0-2.82-0.07-4.96,0.03-7.1c0.07-1.41-0.4-1.86-1.83-1.84c-4.33,0.08-8.65,0.07-12.98,0c-1.36-0.02-1.89,0.3-1.89,1.78 c0.05,14.6,0.05,29.19,0,43.79c0,1.4,0.39,1.86,1.82,1.83c4.33-0.08,8.66-0.1,12.98,0.01c1.62,0.04,1.93-0.55,1.91-2.01 c-0.07-4.64-0.14-9.29,0.02-13.93c0.33-9.71,4.06-13.71,13.53-14.59c1.32-0.12,1.44-0.7,1.44-1.72c-0.02-4.73-0.06-9.45,0.02-14.18 c0.03-1.55-0.64-1.74-1.95-1.67c-4.15,0.22-7.56,1.85-10.1,5.13C107.03,47.07,106.25,48.43,104.99,50.33z M141.31,65.27 c0-7.29-0.04-14.58,0.03-21.87c0.01-1.48-0.34-2.04-1.93-2c-4.24,0.11-8.48,0.09-12.72,0.01c-1.48-0.03-2.03,0.35-2.03,1.92 c0.05,14.5,0.05,29,0,43.5c0,1.48,0.38,2.02,1.94,1.98c4.15-0.1,8.32-0.15,12.47,0.02c1.99,0.08,2.3-0.68,2.28-2.43 C141.26,79.35,141.31,72.31,141.31,65.27z M391.24,35.82c-0.01,0-0.01,0-0.02,0c0-4.39,0.03-8.77-0.01-13.16 c-0.02-2.17-1.28-3.49-3.38-3.54c-2.11-0.05-3.33,1.29-3.53,3.41c-0.06,0.66-0.03,1.32-0.03,1.98c0,6.54-0.01,13.07,0.01,19.61 c0.01,1.73-0.44,3.78,0.33,5.09c0.81,1.36,3.11,0.28,4.65,0.81c1.86,0.64,2.02-0.3,2-1.8C391.2,44.1,391.24,39.96,391.24,35.82z M133.06,24.93c-2.33,0-4.65,0.05-6.98-0.02c-1.18-0.03-1.83,0.15-1.79,1.58c0.1,3.06,0.07,6.13,0.01,9.19 c-0.02,1.17,0.37,1.61,1.57,1.59c4.74-0.05,9.47-0.05,14.21,0c1.24,0.01,1.57-0.53,1.56-1.64c-0.04-3.06-0.05-6.13,0.01-9.19 c0.02-1.22-0.46-1.57-1.62-1.53C137.71,24.97,135.38,24.93,133.06,24.93z M370.39,40.55c0,1.91,0,3.81,0,5.72 c0,5.69-0.01,5.63,5.53,4.22c1.14-0.29,1.47-0.72,1.46-1.8c-0.04-5.97,0.03-11.94-0.05-17.9c-0.03-2.48-1.53-3.93-3.63-3.83 c-2.01,0.09-3.24,1.48-3.29,3.91C370.35,34.09,370.4,37.32,370.39,40.55z M404.82,55.52c0.12-0.2,0.27-0.32,0.27-0.45 c0.02-6.55,0.05-13.1,0.03-19.66c-0.01-2.3-1.38-3.83-3.32-3.9c-2.03-0.07-3.57,1.5-3.6,3.92c-0.06,5.14-0.01,10.29-0.03,15.43 c0,0.78,0.02,1.44,0.89,1.84C400.99,53.6,402.9,54.57,404.82,55.52z"></path><path class="st1" d="M476.98,134.45c1.31-0.41,2.63-0.8,3.94-1.23c11.05-3.66,18.5-13.79,18.52-25.41 c0.04-26.87,0.06-53.74,0-80.61c-0.03-14.87-11.98-26.63-26.87-26.63c-148.29,0-296.59,0.05-444.88-0.08 C14.81,0.47,3.58,9.27,0.84,20.78c-0.14,0.57,0.01,1.39-0.81,1.68c0-7.05,0.03-14.1-0.03-21.15c-0.01-1.07,0.21-1.47,1.28-1.25 c0.32,0.06,0.66,0.01,1,0.01c165.14,0,330.28,0,495.42-0.05c1.87,0,2.3,0.42,2.29,2.29c-0.06,43.38-0.06,86.77,0,130.15 c0,1.7-0.33,2.07-2.05,2.04C490.96,134.37,483.97,134.45,476.98,134.45z"></path><path class="st1" d="M0.03,112.55c0.75,0.22,0.6,0.94,0.74,1.44c2.9,10.51,9.68,17.1,20.21,19.91c0.39,0.1,0.84,0.08,1.03,0.54 c-6.91,0-13.82-0.03-20.73,0.03c-1.07,0.01-1.29-0.21-1.28-1.28C0.06,126.32,0.03,119.43,0.03,112.55z"></path><path class="st2" d="M417.3,83.86c0.01,16.65-12.36,30.32-28.4,32.16c-12.97,1.49-24.18-1.95-32.32-12.48 c-14.23-18.42-3.39-45.4,19.85-49.71c10.25-1.9,19.9-0.36,28.39,5.98C413.08,65.98,417.12,74.37,417.3,83.86z M391.54,78.57 c0-2.65-0.07-5.31,0.03-7.96c0.05-1.51-0.47-2.07-1.99-2.04c-3.82,0.07-7.65,0.1-11.48-0.01c-1.72-0.05-2.08,0.64-2.05,2.19 c0.08,4.47,0.03,8.95,0.03,13.43c0,4.06,0,4.06-4.15,4.33c-0.55,0.04-1.27-0.21-1.52,0.51c-0.24,0.68,0.42,1.02,0.8,1.41 c3.75,3.76,7.55,7.48,11.26,11.28c1,1.02,1.65,0.99,2.63-0.01c3.36-3.45,6.83-6.79,10.2-10.23c0.7-0.72,2.21-1.3,1.69-2.45 c-0.48-1.05-1.97-0.55-2.97-0.47c-1.97,0.16-2.66-0.53-2.52-2.52C391.67,83.55,391.54,81.06,391.54,78.57z"></path><path class="st1" d="M266.78,57.78c0-9.36,0.05-18.73-0.04-28.09c-0.02-1.81,0.39-2.41,2.32-2.38c8.4,0.14,16.81-0.13,25.19,0.19 c8.52,0.32,16.25,3,22.69,8.9c13.3,12.18,13.02,43.05-13.68,50.72c-4.1,1.18-8.29,1.68-12.56,1.66c-7.15-0.02-14.3-0.07-21.45,0.04 c-1.9,0.03-2.54-0.42-2.52-2.44C266.84,76.85,266.78,67.31,266.78,57.78z M283.96,57.95c0,4.63,0.01,9.27-0.01,13.9 c0,1.06-0.02,1.94,1.51,1.88c3.4-0.13,6.8,0.14,10.18-0.49c7.45-1.4,11.86-6.5,12.34-14.36c0.46-7.64-3.57-13.45-10.73-15.64 c-3.74-1.14-7.57-0.74-11.37-0.9c-1.55-0.07-1.98,0.44-1.96,1.95C284.02,48.84,283.96,53.39,283.96,57.95z"></path><path class="st2" d="M31.91,58.04c0-9.45-0.01-18.9,0.01-28.34c0-0.99-0.4-2.24,1.43-2.19c10.22,0.25,20.47-0.59,30.66,0.47 c10.29,1.07,17.86,7.67,19.38,16.53c2.34,13.58-5.26,24.03-19,26.25c-4.3,0.69-8.63,0.6-12.94,0.48c-2.15-0.06-2.62,0.63-2.55,2.64 c0.16,4.22-0.03,8.45,0.09,12.68c0.05,1.69-0.34,2.31-2.16,2.25c-4.15-0.14-8.32-0.14-12.47,0c-1.91,0.06-2.53-0.42-2.5-2.43 C31.97,76.94,31.91,67.49,31.91,58.04z M48.96,49.76c0,2.24,0.01,4.47,0,6.71c0,0.78-0.03,1.5,1.11,1.48 c3.32-0.08,6.67,0.32,9.96-0.27c4.17-0.74,6.73-3.77,6.81-7.7c0.08-4.08-2.19-6.83-6.57-7.78c-3.36-0.73-6.79-0.19-10.19-0.35 c-1.14-0.05-1.12,0.66-1.12,1.45C48.97,45.45,48.96,47.61,48.96,49.76z"></path><path class="st1" d="M432.02,83.33c0,6.08-0.06,11.72,0.04,17.34c0.03,1.68-0.36,2.33-2.18,2.27c-4.07-0.13-8.15-0.07-12.23-0.02 c-1.47,0.02-1.96-0.18-1.14-1.78c5.91-11.49,5.69-22.9-0.67-34.16c-0.48-0.84-0.65-1.66-0.65-2.59c0.01-6.96,0.06-13.93-0.03-20.89 c-0.02-1.75,0.5-2.26,2.24-2.21c4.16,0.12,8.32,0.13,12.48-0.01c1.79-0.06,2.37,0.51,2.16,2.23c-0.13,1.11-0.02,2.24-0.02,3.84 c0.59-0.55,0.83-0.74,1.02-0.96c7.74-9.35,22.46-7.49,29.49,1.91c6.82,9.11,6.75,24.52-0.08,33.64 C456.08,90.42,441.88,93.72,432.02,83.33z M451.12,64.94c-0.02-6.13-3.94-10.61-9.4-10.75c-5.64-0.14-9.85,4.18-10.1,10.37 c-0.24,5.94,3.71,10.87,8.98,11.22C446.72,76.19,451.15,71.63,451.12,64.94z"></path><path class="st1" d="M225.73,69.75c-4.66,0-9.32,0.03-13.98-0.02c-1.43-0.02-1.71,0.34-1.17,1.71c1.9,4.86,7.58,7.24,13.42,5.53 c2.12-0.62,3.97-1.72,5.55-3.22c0.87-0.82,1.47-1,2.47-0.11c2.16,1.94,4.41,3.79,6.73,5.55c1.21,0.91,1.05,1.53,0.13,2.53 c-4.94,5.4-11.13,7.87-18.36,8.23c-12.95,0.63-23.3-6.87-25.96-18.94c-4.25-19.27,12.05-34.85,30.99-29.61 c9.23,2.55,15.54,11,16.19,21.64c0.41,6.71,0.41,6.71-6.27,6.71C232.23,69.75,228.98,69.75,225.73,69.75z M209.84,61.25 c5.11,0,10.1-0.01,15.08,0.01c0.83,0,1.4-0.01,1.24-1.19c-0.54-4.22-4.12-7.4-8.39-7.32C213.58,52.82,210.94,55.55,209.84,61.25z"></path><path class="st1" d="M172.62,40.46c7.62,0.16,14.12,2.65,18.94,8.83c0.97,1.25,1,1.98-0.38,2.93c-2.86,1.99-5.65,4.1-8.39,6.25 c-1,0.78-1.5,0.69-2.38-0.23c-4.65-4.82-10.52-5.12-14.4-0.83c-4.12,4.56-3.58,12.93,1.07,16.58c3.78,2.96,9.35,2.5,13.09-1.35 c1.36-1.4,2.21-1.37,3.62-0.25c2.4,1.91,4.9,3.71,7.47,5.39c1.43,0.94,1.65,1.62,0.5,3.02c-7.02,8.59-16.22,10.73-26.48,8.22 c-9.95-2.45-16.06-9.26-17.84-19.29C144.65,53.77,156.36,40.34,172.62,40.46z"></path><path class="st2" d="M345.28,50.24c1.17-1.8,1.91-3.06,2.76-4.23c2.55-3.54,6.13-5.19,10.41-5.55c1.27-0.11,2.03,0.06,2,1.64 c-0.08,4.81-0.05,9.61-0.01,14.42c0.01,1.17-0.44,1.51-1.59,1.64c-9.43,1.06-12.66,4.24-13.37,13.66 c-0.37,4.95-0.21,9.94-0.16,14.91c0.02,1.62-0.45,2.13-2.09,2.09c-4.32-0.11-8.65-0.08-12.97-0.01c-1.31,0.02-1.69-0.4-1.69-1.7 c0.04-14.67,0.04-29.34,0-44.01c0-1.42,0.42-1.84,1.83-1.81c4.41,0.08,8.81,0.07,13.22,0c1.31-0.02,1.75,0.4,1.7,1.7 C345.22,45.18,345.28,47.37,345.28,50.24z"></path><path class="st2" d="M104.99,50.33c1.26-1.9,2.04-3.27,2.99-4.5c2.54-3.28,5.95-4.91,10.1-5.13c1.31-0.07,1.98,0.12,1.95,1.67 c-0.08,4.73-0.04,9.45-0.02,14.18c0,1.03-0.12,1.6-1.44,1.72c-9.47,0.88-13.2,4.88-13.53,14.59c-0.16,4.64-0.09,9.29-0.02,13.93 c0.02,1.45-0.29,2.05-1.91,2.01c-4.32-0.11-8.65-0.09-12.98-0.01c-1.43,0.03-1.82-0.44-1.82-1.83c0.04-14.6,0.05-29.19,0-43.79 c0-1.47,0.54-1.8,1.89-1.78c4.33,0.07,8.65,0.08,12.98,0c1.43-0.03,1.9,0.43,1.83,1.84C104.92,45.37,104.99,47.52,104.99,50.33z"></path><path class="st1" d="M141.31,65.27c0,7.04-0.05,14.09,0.04,21.13c0.02,1.75-0.28,2.5-2.28,2.43c-4.15-0.16-8.31-0.12-12.47-0.02 c-1.56,0.04-1.95-0.5-1.94-1.98c0.05-14.5,0.05-29,0-43.5c-0.01-1.57,0.55-1.95,2.03-1.92c4.24,0.08,8.48,0.1,12.72-0.01 c1.59-0.04,1.95,0.52,1.93,2C141.28,50.68,141.31,57.98,141.31,65.27z"></path><path class="st3" d="M391.24,35.82c0,4.14-0.04,8.27,0.02,12.41c0.02,1.5-0.14,2.43-2,1.8c-1.55-0.53-3.85,0.55-4.65-0.81 c-0.78-1.3-0.33-3.36-0.33-5.09c-0.02-6.54-0.01-13.07-0.01-19.61c0-0.66-0.03-1.33,0.03-1.98c0.21-2.12,1.42-3.46,3.53-3.41 c2.1,0.05,3.36,1.37,3.38,3.54c0.04,4.38,0.01,8.77,0.01,13.16C391.23,35.82,391.24,35.82,391.24,35.82z"></path><path class="st4" d="M133.06,24.93c2.33,0,4.65,0.05,6.98-0.02c1.16-0.03,1.64,0.31,1.62,1.53c-0.06,3.06-0.04,6.13-0.01,9.19 c0.01,1.11-0.32,1.65-1.56,1.64c-4.74-0.05-9.47-0.05-14.21,0c-1.2,0.01-1.6-0.42-1.57-1.59c0.06-3.06,0.09-6.13-0.01-9.19 c-0.05-1.43,0.6-1.61,1.79-1.58C128.4,24.97,130.73,24.93,133.06,24.93z"></path><path class="st5" d="M370.39,40.55c0-3.23-0.04-6.47,0.02-9.7c0.05-2.43,1.28-3.81,3.29-3.91c2.09-0.1,3.59,1.35,3.63,3.83 c0.08,5.97,0.01,11.93,0.05,17.9c0.01,1.09-0.32,1.51-1.46,1.8c-5.54,1.42-5.53,1.47-5.53-4.22 C370.39,44.36,370.39,42.46,370.39,40.55z"></path><path class="st4" d="M404.82,55.52c-1.92-0.94-3.82-1.91-5.76-2.81c-0.86-0.4-0.89-1.07-0.89-1.84c0.01-5.14-0.04-10.29,0.03-15.43 c0.03-2.42,1.58-3.99,3.6-3.92c1.94,0.07,3.31,1.6,3.32,3.9c0.02,6.55-0.01,13.1-0.03,19.66 C405.09,55.19,404.94,55.32,404.82,55.52z"></path><path class="st6" d="M391.54,78.57c0,2.49,0.13,4.98-0.04,7.46c-0.14,1.99,0.55,2.68,2.52,2.52c1-0.08,2.48-0.59,2.97,0.47 c0.53,1.15-0.99,1.73-1.69,2.45c-3.37,3.44-6.83,6.79-10.2,10.23c-0.98,1-1.63,1.04-2.63,0.01c-3.71-3.8-7.51-7.52-11.26-11.28 c-0.39-0.39-1.04-0.73-0.8-1.41c0.25-0.72,0.98-0.47,1.52-0.51c4.15-0.27,4.15-0.26,4.15-4.33c0-4.48,0.05-8.95-0.03-13.43 c-0.03-1.55,0.33-2.24,2.05-2.19c3.82,0.11,7.65,0.08,11.48,0.01c1.53-0.03,2.05,0.53,1.99,2.04 C391.47,73.26,391.54,75.92,391.54,78.57z"></path><path class="st7" d="M283.96,57.95c0-4.55,0.06-9.11-0.03-13.66c-0.03-1.51,0.4-2.02,1.96-1.95c3.8,0.16,7.63-0.24,11.37,0.9 c7.17,2.19,11.2,8,10.73,15.64c-0.48,7.86-4.89,12.95-12.34,14.36c-3.38,0.64-6.79,0.36-10.18,0.49c-1.53,0.06-1.51-0.82-1.51-1.88 C283.97,67.21,283.96,62.58,283.96,57.95z"></path><path class="st7" d="M48.96,49.76c0-2.15,0.01-4.31,0-6.46c0-0.79-0.02-1.5,1.12-1.45c3.4,0.16,6.82-0.38,10.19,0.35 c4.38,0.95,6.66,3.69,6.57,7.78c-0.08,3.93-2.65,6.96-6.81,7.7c-3.28,0.59-6.64,0.19-9.96,0.27c-1.14,0.03-1.11-0.69-1.11-1.48 C48.97,54.23,48.96,52,48.96,49.76z"></path><path class="st6" d="M451.12,64.94c0.03,6.68-4.4,11.25-10.52,10.84c-5.27-0.35-9.22-5.28-8.98-11.22 c0.25-6.18,4.46-10.5,10.1-10.37C447.18,54.33,451.1,58.81,451.12,64.94z"></path><path class="st8" d="M209.84,61.25c1.1-5.7,3.74-8.43,7.93-8.5c4.27-0.08,7.85,3.1,8.39,7.32c0.15,1.18-0.41,1.19-1.24,1.19 C219.94,61.24,214.95,61.25,209.84,61.25z"></path></g></svg></span></span></span></div><ul></ul></div><div class="co-item__col3 co-item__col3--rest-in-shelf"><div class="co-item__price-container co-item__price-container--rest-in-shelf"><div><span class="co-product__was-price"><span class="co-product__hidden-label">was &nbsp;</span>£5.05</span><strong class="co-product__price"><span class="co-product__hidden-label"> now </span>£4.75</strong><p class="co-item__price-per-uom-msg"><span class="co-product__price-per-uom">(£6.33/kg)</span></p></div></div><div class="co-item__quantity-container co-item__quantity-container--rest-in-shelf"><div class="co-item__quantity-container"><div class="quantity-button"><div class="add-button-with-tooltip"><div class="tooltip-wrapper"><button data-auto-id="btnAdd" type="button" class="asda-btn asda-btn--primary asda-btn--fluid add-button" aria-label="Add item ASDA Flavoursome Smoked Gammon Joint to cart" data-di-id="di-id-bd5e14ce-b3d9e896">Add</button></div></div></div></div></div></div><div class="co-item__col4"><a class="asda-link asda-link--primary" data-auto-id="linkViewTheShelf" target="_self" href="/shelf/meat-poultry-fish/meat-poultry/bacon-sausages-gammon/gammon/1215135760597-910000975206-910000975529-910000977100" data-di-id="di-id-f36189d6-d71e1149">View the shelf</a></div></div></div></li><li class=" co-item co-item--rest-in-shelf " style="order: 34;"><div><div class="co-product"><div class="co-item__col1 co-item__col1--rest-in-shelf"><button type="button" data-auto-id="linkProductImage" class="asda-link asda-link--primary asda-link--button" aria-disabled="false"><div class="thumbnail__image-container co-product__image co-product__image--rest-in-shelf co-item__image"><picture class="asda-image picture"><source type="image/webp" srcset="https://ui.assets-asda.com/dm/asdagroceries/5052449889741?$ProdList2x$=&amp;fmt=webp&amp;qlt=50"><img alt="ASDA Butcher's Selection Unsmoked Gammon Joint" class="asda-img asda-image thumbnail__image" data-auto-id="" src="https://ui.assets-asda.com/dm/asdagroceries/5052449889741?$ProdList2x$=&amp;fmt=jpg&amp;qlt=50" loading="lazy" title="ASDA Butcher's Selection Unsmoked Gammon Joint"></picture></div></button><div class="co-item__items-container"><div class="co-item-fsl__favourites-image-container co-item__items" role="presentation" data-auto-id="favouritesAndShoppingList"><div class="context-wrapper"><button data-auto-id="" type="button" class="asda-btn asda-btn--plain asda-btn--icon co-item-fsl__favourites-button" aria-label="options for favourite shopping list" aria-expanded="false"><span role="img" data-auto-id="" class="asda-icon asda-icon--white asda-icon--regular asda-icon--rotate0 co-item-fsl__favourites-image co-item__items"><svg viewBox="0 0 35 23" xmlns="http://www.w3.org/2000/svg" xmlns:xlink="http://www.w3.org/1999/xlink" data-di-res-id="1ee7416e-8096c50c" data-di-rand="1700859408969"><defs><path id="asda_fav_list_1" d="M7.02 2C7 2.344 7 2.685 7 3h6c0-.315 0-.656-.02-1H18c1 0 2 .784 2 1.667v17.667C20 22.167 19 23 18 23H2c-1 0-2-.833-2-1.666V3.667C0 2.833 1 2 2 2h5.02zM12 2H8c0-1 1-2 2-2s2 1 2 2zM7 17v2h10v-2H7zm-4-5v2h2v-2H3zm0-5v2h2V7H3zm0 10v2h2v-2H3zm4-5v2h10v-2H7zm0-5v2h10V7H7z"></path><path id="asda_fav_list_2" d="M24 21c-1.818-1.8-10-7.65-10-12.6C14 5.7 15.818 3 19 3c2 0 4 .82 5 3.295C25 3.82 27 3 29 3c3.182 0 5 2.7 5 5.4 0 4.95-8.182 10.8-10 12.6z"></path></defs><g class="asda-icon__draw" fill="none" fill-rule="evenodd"><use fill="#3d3d3d" xlink:href="#asda_fav_list_1"></use><use class="asda-icon__draw" fill="#FFF" stroke="#3d3d3d" stroke-width="1.9" xlink:href="#asda_fav_list_2"></use></g></svg></span></button></div></div><div class="co-item__volume-container co-item__items"><span class="co-product__volume co-item__volume">2kg       </span></div></div></div><div class="co-item__col2 co-item__col2--rest-in-shelf"><div class="co-item__title-container co-item__title-container--rest-in-shelf"><h3 class="co-product__title"><a class="co-product__anchor" data-auto-id="linkProductTitle" href="/product/gammon/asda-butchers-selection-unsmoked-gammon-joint/910001161878" data-di-id="di-id-c3dae7b7-511a6bdc">ASDA Butcher's Selection Unsmoked Gammon Joint</a></h3></div><div class="co-item__rating-container"><button type="button" data-auto-id="linkProductRating" class="asda-link asda-link--primary asda-link--button co-product__rating" aria-disabled="false" aria-label="3.71 stars out of 5 based on 17 reviews, you will be taken to the reviews on clicking this" data-di-id="di-id-f9fe053c-f1b21de2"><div class="rating-stars rating-stars--windows"><div class="rating-stars__stars rating-stars__stars--top" aria-hidden="true" style="width: 74.2%;"><span aria-hidden="true">★</span><span aria-hidden="true">★</span><span aria-hidden="true">★</span><span aria-hidden="true">★</span><span aria-hidden="true">★</span></div><div class="rating-stars__stars rating-stars__stars--bottom" aria-hidden="true"><span aria-hidden="true">☆</span><span aria-hidden="true">☆</span><span aria-hidden="true">☆</span><span aria-hidden="true">☆</span><span aria-hidden="true">☆</span></div></div><span class="co-product__review-count" aria-hidden="true">(17)</span></button></div><div class="co-item__bundled-item-count-container"></div><div class="co-item__promo-container co-item__promo-container--rest-in-shelf"></div><ul></ul></div><div class="co-item__col3 co-item__col3--rest-in-shelf"><div class="co-item__price-container co-item__price-container--rest-in-shelf"><span class="co-item__price-per-uom"><strong class="co-product__price"><span class="co-product__hidden-label"> now </span>£12.40</strong><p class="co-item__price-per-uom-msg"><span class="co-product__price-per-uom">(£6.20/kg)</span></p></span></div><div class="co-item__quantity-container co-item__quantity-container--rest-in-shelf"><div class="co-item__quantity-container"><div class="quantity-button"><div class="add-button-with-tooltip"><div class="tooltip-wrapper"><button data-auto-id="btnAdd" type="button" class="asda-btn asda-btn--primary asda-btn--fluid add-button" aria-label="Add item ASDA Butcher's Selection Unsmoked Gammon Joint to cart" data-di-id="di-id-bd5e14ce-b3d9e896">Add</button></div></div></div></div></div></div><div class="co-item__col4"><a class="asda-link asda-link--primary" data-auto-id="linkViewTheShelf" target="_self" href="/shelf/meat-poultry-fish/meat-poultry/bacon-sausages-gammon/gammon/1215135760597-910000975206-910000975529-910000977100" data-di-id="di-id-f36189d6-d71e1149">View the shelf</a></div></div></div></li><li class=" co-item co-item--rest-in-shelf " style="order: 35;"><div><div class="co-product"><div class="co-item__col1 co-item__col1--rest-in-shelf"><button type="button" data-auto-id="linkProductImage" class="asda-link asda-link--primary asda-link--button" aria-disabled="false"><div class="thumbnail__image-container co-product__image co-product__image--rest-in-shelf co-item__image"><picture class="asda-image picture"><source type="image/webp" srcset="https://ui.assets-asda.com/dm/asdagroceries/5052449889758?$ProdList2x$=&amp;fmt=webp&amp;qlt=50"><img alt="ASDA Butcher's Selection Smoked Gammon Joint" class="asda-img asda-image thumbnail__image" data-auto-id="" src="https://ui.assets-asda.com/dm/asdagroceries/5052449889758?$ProdList2x$=&amp;fmt=jpg&amp;qlt=50" loading="lazy" title="ASDA Butcher's Selection Smoked Gammon Joint"></picture></div></button><div class="co-item__items-container"><div class="co-item-fsl__favourites-image-container co-item__items" role="presentation" data-auto-id="favouritesAndShoppingList"><div class="context-wrapper"><button data-auto-id="" type="button" class="asda-btn asda-btn--plain asda-btn--icon co-item-fsl__favourites-button" aria-label="options for favourite shopping list" aria-expanded="false"><span role="img" data-auto-id="" class="asda-icon asda-icon--white asda-icon--regular asda-icon--rotate0 co-item-fsl__favourites-image co-item__items"><svg viewBox="0 0 35 23" xmlns="http://www.w3.org/2000/svg" xmlns:xlink="http://www.w3.org/1999/xlink" data-di-res-id="5e8f2754-2d626e3b" data-di-rand="1700859408970"><defs><path id="asda_fav_list_1" d="M7.02 2C7 2.344 7 2.685 7 3h6c0-.315 0-.656-.02-1H18c1 0 2 .784 2 1.667v17.667C20 22.167 19 23 18 23H2c-1 0-2-.833-2-1.666V3.667C0 2.833 1 2 2 2h5.02zM12 2H8c0-1 1-2 2-2s2 1 2 2zM7 17v2h10v-2H7zm-4-5v2h2v-2H3zm0-5v2h2V7H3zm0 10v2h2v-2H3zm4-5v2h10v-2H7zm0-5v2h10V7H7z"></path><path id="asda_fav_list_2" d="M24 21c-1.818-1.8-10-7.65-10-12.6C14 5.7 15.818 3 19 3c2 0 4 .82 5 3.295C25 3.82 27 3 29 3c3.182 0 5 2.7 5 5.4 0 4.95-8.182 10.8-10 12.6z"></path></defs><g class="asda-icon__draw" fill="none" fill-rule="evenodd"><use fill="#3d3d3d" xlink:href="#asda_fav_list_1"></use><use class="asda-icon__draw" fill="#FFF" stroke="#3d3d3d" stroke-width="1.9" xlink:href="#asda_fav_list_2"></use></g></svg></span></button></div></div><div class="co-item__volume-container co-item__items"><span class="co-product__volume co-item__volume">2kg       </span></div></div></div><div class="co-item__col2 co-item__col2--rest-in-shelf"><div class="co-item__title-container co-item__title-container--rest-in-shelf"><h3 class="co-product__title"><a class="co-product__anchor" data-auto-id="linkProductTitle" href="/product/gammon/asda-butchers-selection-smoked-gammon-joint/910001161560" data-di-id="di-id-d90366b3-e65f2930">ASDA Butcher's Selection Smoked Gammon Joint</a></h3></div><div class="co-item__rating-container"><button type="button" data-auto-id="linkProductRating" class="asda-link asda-link--primary asda-link--button co-product__rating" aria-disabled="false" aria-label="4.19 stars out of 5 based on 16 reviews, you will be taken to the reviews on clicking this" data-di-id="di-id-f9fe053c-e8a92ca3"><div class="rating-stars rating-stars--windows"><div class="rating-stars__stars rating-stars__stars--top" aria-hidden="true" style="width: 83.8%;"><span aria-hidden="true">★</span><span aria-hidden="true">★</span><span aria-hidden="true">★</span><span aria-hidden="true">★</span><span aria-hidden="true">★</span></div><div class="rating-stars__stars rating-stars__stars--bottom" aria-hidden="true"><span aria-hidden="true">☆</span><span aria-hidden="true">☆</span><span aria-hidden="true">☆</span><span aria-hidden="true">☆</span><span aria-hidden="true">☆</span></div></div><span class="co-product__review-count" aria-hidden="true">(16)</span></button></div><div class="co-item__bundled-item-count-container"></div><div class="co-item__promo-container co-item__promo-container--rest-in-shelf"></div><ul></ul></div><div class="co-item__col3 co-item__col3--rest-in-shelf"><div class="co-item__price-container co-item__price-container--rest-in-shelf"><span class="co-item__price-per-uom"><strong class="co-product__price"><span class="co-product__hidden-label"> now </span>£12.40</strong><p class="co-item__price-per-uom-msg"><span class="co-product__price-per-uom">(£6.20/kg)</span></p></span></div><div class="co-item__quantity-container co-item__quantity-container--rest-in-shelf"><div class="co-item__quantity-container"><div class="quantity-button"><div class="add-button-with-tooltip"><div class="tooltip-wrapper"><button data-auto-id="btnAdd" type="button" class="asda-btn asda-btn--primary asda-btn--fluid add-button" aria-label="Add item ASDA Butcher's Selection Smoked Gammon Joint to cart" data-di-id="di-id-bd5e14ce-b3d9e896">Add</button></div></div></div></div></div></div><div class="co-item__col4"><a class="asda-link asda-link--primary" data-auto-id="linkViewTheShelf" target="_self" href="/shelf/meat-poultry-fish/meat-poultry/bacon-sausages-gammon/gammon/1215135760597-910000975206-910000975529-910000977100" data-di-id="di-id-f36189d6-d71e1149">View the shelf</a></div></div></div></li><li class=" co-item co-item--rest-in-shelf " style="order: 36;"><div><div class="co-product"><div class="co-item__col1 co-item__col1--rest-in-shelf"><button type="button" data-auto-id="linkProductImage" class="asda-link asda-link--primary asda-link--button" aria-disabled="false"><div class="thumbnail__image-container thumbnail__image-container--load-effect co-product__image co-product__image--rest-in-shelf co-item__image"></div></button><div class="co-item__items-container"><div class="co-item-fsl__favourites-image-container co-item__items" role="presentation" data-auto-id="favouritesAndShoppingList"><div class="context-wrapper"><button data-auto-id="" type="button" class="asda-btn asda-btn--plain asda-btn--icon co-item-fsl__favourites-button" aria-label="options for favourite shopping list" aria-expanded="false"><span role="img" data-auto-id="" class="asda-icon asda-icon--white asda-icon--regular asda-icon--rotate0 co-item-fsl__favourites-image co-item__items"><svg viewBox="0 0 35 23" xmlns="http://www.w3.org/2000/svg" xmlns:xlink="http://www.w3.org/1999/xlink" data-di-res-id="5e8f2754-8955cfe9" data-di-rand="1700859408970"><defs><path id="asda_fav_list_1" d="M7.02 2C7 2.344 7 2.685 7 3h6c0-.315 0-.656-.02-1H18c1 0 2 .784 2 1.667v17.667C20 22.167 19 23 18 23H2c-1 0-2-.833-2-1.666V3.667C0 2.833 1 2 2 2h5.02zM12 2H8c0-1 1-2 2-2s2 1 2 2zM7 17v2h10v-2H7zm-4-5v2h2v-2H3zm0-5v2h2V7H3zm0 10v2h2v-2H3zm4-5v2h10v-2H7zm0-5v2h10V7H7z"></path><path id="asda_fav_list_2" d="M24 21c-1.818-1.8-10-7.65-10-12.6C14 5.7 15.818 3 19 3c2 0 4 .82 5 3.295C25 3.82 27 3 29 3c3.182 0 5 2.7 5 5.4 0 4.95-8.182 10.8-10 12.6z"></path></defs><g class="asda-icon__draw" fill="none" fill-rule="evenodd"><use fill="#3d3d3d" xlink:href="#asda_fav_list_1"></use><use class="asda-icon__draw" fill="#FFF" stroke="#3d3d3d" stroke-width="1.9" xlink:href="#asda_fav_list_2"></use></g></svg></span></button></div></div><div class="co-item__volume-container co-item__items"><span class="co-product__volume co-item__volume">450g      </span></div></div><div class="link-save-banner"><a class="link-save-banner-large__anchor link-save-banner-large__anchor--hyperlink" data-auto-id="linkPromoDetail" href="/promotion/2-for-8/ls92836" data-di-id="di-id-a30e8dee-4e34d33"><div class="link-save-banner-large__meat-sticker"><span class="link-save-banner-large__config link-save-banner-large__config--block link-save-banner-large__config--font-normal link-save-banner-large__config--center link-save-banner-large__config--height-normal">Any 2 for </span><span class="link-save-banner-large__config link-save-banner-large__config--block link-save-banner-large__config--font-huge link-save-banner-large__config--up-small">£8</span><span class="link-save-banner-large__view-all">View all</span></div></a></div></div><div class="co-item__col2 co-item__col2--rest-in-shelf co-item__col2--has-icon-list"><div class="co-item__title-container co-item__title-container--rest-in-shelf"><h3 class="co-product__title"><a class="co-product__anchor" data-auto-id="linkProductTitle" href="/product/gammon/asda-flavoursome-2-smoked-gammon-steaks/910001354777" data-di-id="di-id-39cd4d70-968510f2">ASDA Flavoursome 2 Smoked Gammon Steaks</a></h3></div><div class="co-item__rating-container"><button type="button" data-auto-id="linkProductRating" class="asda-link asda-link--primary asda-link--button co-product__rating" aria-disabled="false" aria-label="3.98 stars out of 5 based on 50+ reviews, you will be taken to the reviews on clicking this" data-di-id="di-id-f9fe053c-665ea5f8"><div class="rating-stars rating-stars--windows"><div class="rating-stars__stars rating-stars__stars--top" aria-hidden="true" style="width: 79.6%;"><span aria-hidden="true">★</span><span aria-hidden="true">★</span><span aria-hidden="true">★</span><span aria-hidden="true">★</span><span aria-hidden="true">★</span></div><div class="rating-stars__stars rating-stars__stars--bottom" aria-hidden="true"><span aria-hidden="true">☆</span><span aria-hidden="true">☆</span><span aria-hidden="true">☆</span><span aria-hidden="true">☆</span><span aria-hidden="true">☆</span></div></div><span class="co-product__review-count" aria-hidden="true">(50+)</span></button></div><div class="co-item__bundled-item-count-container"></div><div class="co-item__promo-container co-item__promo-container--rest-in-shelf"></div><ul><div class="co-item__icon-list-container"><ul class="co-product__promo-icon-list co-item__promo-icon-list co-item__promo-icon-list--list-position"><li class="co-product__promo-icon-item"><div class="co-product__promo-icon-image-cntr"><button data-auto-id="btnPromo" type="button" class="asda-btn asda-btn--plain co-product__promo-icon-button" aria-label="show information on Serves 2"><picture class="asda-image picture"><source srcset="https://ui.assets-asda.com/dm/icon_serves?$serves=2&amp;$Icon-wapp2x$=&amp;qlt=50"><img alt="Serves 2" class="asda-img asda-image co-product__promo-icon-img" data-auto-id="" src="https://ui.assets-asda.com/dm/icon_serves?$serves=2&amp;$Icon-wapp2x$=&amp;qlt=50" loading="lazy" title="Serves 2"></picture></button></div></li></ul></div></ul></div><div class="co-item__col3 co-item__col3--rest-in-shelf"><div class="co-item__price-container co-item__price-container--rest-in-shelf"><span class="co-item__price-per-uom"><strong class="co-product__price"><span class="co-product__hidden-label"> now </span>£4.50</strong><p class="co-item__price-per-uom-msg"><span class="co-product__price-per-uom">(£10.00/kg)</span></p></span></div><div class="co-item__quantity-container co-item__quantity-container--rest-in-shelf"><div class="co-item__quantity-container"><div class="quantity-button"><div class="add-button-with-tooltip"><div class="tooltip-wrapper"><button data-auto-id="btnAdd" type="button" class="asda-btn asda-btn--primary asda-btn--fluid add-button" aria-label="Add item ASDA Flavoursome 2 Smoked Gammon Steaks to cart" data-di-id="di-id-bd5e14ce-b3d9e896">Add</button></div></div></div></div></div></div><div class="co-item__col4"><a class="asda-link asda-link--primary" data-auto-id="linkViewTheShelf" target="_self" href="/shelf/meat-poultry-fish/meat-poultry/bacon-sausages-gammon/gammon/1215135760597-910000975206-910000975529-910000977100" data-di-id="di-id-f36189d6-d71e1149">View the shelf</a></div></div></div></li><li class=" co-item co-item--rest-in-shelf " style="order: 37;"><div><div class="co-product"><div class="co-item__col1 co-item__col1--rest-in-shelf"><button type="button" data-auto-id="linkProductImage" class="asda-link asda-link--primary asda-link--button" aria-disabled="false"><div class="thumbnail__image-container thumbnail__image-container--load-effect co-product__image co-product__image--rest-in-shelf co-item__image"></div></button><div class="co-item__items-container"><div class="co-item-fsl__favourites-image-container co-item__items" role="presentation" data-auto-id="favouritesAndShoppingList"><div class="context-wrapper"><button data-auto-id="" type="button" class="asda-btn asda-btn--plain asda-btn--icon co-item-fsl__favourites-button" aria-label="options for favourite shopping list" aria-expanded="false"><span role="img" data-auto-id="" class="asda-icon asda-icon--white asda-icon--regular asda-icon--rotate0 co-item-fsl__favourites-image co-item__items"><svg viewBox="0 0 35 23" xmlns="http://www.w3.org/2000/svg" xmlns:xlink="http://www.w3.org/1999/xlink" data-di-res-id="a5e3ec5b-4c7e50e7" data-di-rand="1700859408971"><defs><path id="asda_fav_list_1" d="M7.02 2C7 2.344 7 2.685 7 3h6c0-.315 0-.656-.02-1H18c1 0 2 .784 2 1.667v17.667C20 22.167 19 23 18 23H2c-1 0-2-.833-2-1.666V3.667C0 2.833 1 2 2 2h5.02zM12 2H8c0-1 1-2 2-2s2 1 2 2zM7 17v2h10v-2H7zm-4-5v2h2v-2H3zm0-5v2h2V7H3zm0 10v2h2v-2H3zm4-5v2h10v-2H7zm0-5v2h10V7H7z"></path><path id="asda_fav_list_2" d="M24 21c-1.818-1.8-10-7.65-10-12.6C14 5.7 15.818 3 19 3c2 0 4 .82 5 3.295C25 3.82 27 3 29 3c3.182 0 5 2.7 5 5.4 0 4.95-8.182 10.8-10 12.6z"></path></defs><g class="asda-icon__draw" fill="none" fill-rule="evenodd"><use fill="#3d3d3d" xlink:href="#asda_fav_list_1"></use><use class="asda-icon__draw" fill="#FFF" stroke="#3d3d3d" stroke-width="1.9" xlink:href="#asda_fav_list_2"></use></g></svg></span></button></div></div><div class="co-item__volume-container co-item__items"><span class="co-product__volume co-item__volume">650g      </span></div></div><div class="link-save-banner"><a class="link-save-banner-large__anchor link-save-banner-large__anchor--hyperlink" data-auto-id="linkPromoDetail" href="/promotion/2-for-8/ls92836" data-di-id="di-id-a30e8dee-4e34d33"><div class="link-save-banner-large__meat-sticker"><span class="link-save-banner-large__config link-save-banner-large__config--block link-save-banner-large__config--font-normal link-save-banner-large__config--center link-save-banner-large__config--height-normal">Any 2 for </span><span class="link-save-banner-large__config link-save-banner-large__config--block link-save-banner-large__config--font-huge link-save-banner-large__config--up-small">£8</span><span class="link-save-banner-large__view-all">View all</span></div></a></div></div><div class="co-item__col2 co-item__col2--rest-in-shelf co-item__col2--has-icon-list"><div class="co-item__title-container co-item__title-container--rest-in-shelf"><h3 class="co-product__title"><a class="co-product__anchor" data-auto-id="linkProductTitle" href="/product/2-for-8-meat-fish/asda-smoky-fajita-chicken-stir-fry-kit/1000383161647" data-di-id="di-id-c8089756-7a72a81b">ASDA Smoky Fajita Chicken Stir-Fry Kit</a></h3></div><div class="co-item__rating-container"><button type="button" data-auto-id="linkProductRating" class="asda-link asda-link--primary asda-link--button co-product__rating" aria-disabled="false" aria-label="3.46 stars out of 5 based on 28 reviews, you will be taken to the reviews on clicking this" data-di-id="di-id-f9fe053c-746cbf74"><div class="rating-stars rating-stars--windows"><div class="rating-stars__stars rating-stars__stars--top" aria-hidden="true" style="width: 69.2%;"><span aria-hidden="true">★</span><span aria-hidden="true">★</span><span aria-hidden="true">★</span><span aria-hidden="true">★</span><span aria-hidden="true">★</span></div><div class="rating-stars__stars rating-stars__stars--bottom" aria-hidden="true"><span aria-hidden="true">☆</span><span aria-hidden="true">☆</span><span aria-hidden="true">☆</span><span aria-hidden="true">☆</span><span aria-hidden="true">☆</span></div></div><span class="co-product__review-count" aria-hidden="true">(28)</span></button></div><div class="co-item__bundled-item-count-container"></div><div class="co-item__promo-container co-item__promo-container--rest-in-shelf"></div><ul><div class="co-item__icon-list-container"><ul class="co-product__promo-icon-list co-item__promo-icon-list co-item__promo-icon-list--list-position"><li class="co-product__promo-icon-item"><div class="co-product__promo-icon-image-cntr"><button data-auto-id="btnPromo" type="button" class="asda-btn asda-btn--plain co-product__promo-icon-button" aria-label="show information on Good Housekeeping Taste Approved"><picture class="asda-image picture"><source srcset="https://ui.assets-asda.com/dm/_987_goodhousekeepingaward_23?$icon-wapp$=&amp;$Icon-wapp2x$=&amp;qlt=50"><img alt="Good Housekeeping Taste Approved" class="asda-img asda-image co-product__promo-icon-img" data-auto-id="" src="https://ui.assets-asda.com/dm/_987_goodhousekeepingaward_23?$icon-wapp$=&amp;$Icon-wapp2x$=&amp;qlt=50" loading="lazy" title="Good Housekeeping Taste Approved"></picture></button></div></li></ul></div></ul></div><div class="co-item__col3 co-item__col3--rest-in-shelf"><div class="co-item__price-container co-item__price-container--rest-in-shelf"><span class="co-item__price-per-uom"><strong class="co-product__price"><span class="co-product__hidden-label"> now </span>£4.40</strong><p class="co-item__price-per-uom-msg"><span class="co-product__price-per-uom">(£6.77/kg)</span></p></span></div><div class="co-item__quantity-container co-item__quantity-container--rest-in-shelf"><div class="co-item__quantity-container"><div class="quantity-button"><div class="add-button-with-tooltip"><div class="tooltip-wrapper"><button data-auto-id="btnAdd" type="button" class="asda-btn asda-btn--primary asda-btn--fluid add-button" aria-label="Add item ASDA Smoky Fajita Chicken Stir-Fry Kit to cart" data-di-id="di-id-bd5e14ce-b3d9e896">Add</button></div></div></div></div></div></div><div class="co-item__col4"><a class="asda-link asda-link--primary" data-auto-id="linkViewTheShelf" target="_self" href="/aisle/meat-poultry-fish/meat-poultry/2-for-8-meat-fish/1215135760597-910000975206-1215686353982" data-di-id="di-id-2a0a295d-d53abe78">View the shelf</a></div></div></div></li><li class=" co-item co-item--rest-in-shelf " style="order: 38;"><div><div class="co-product"><div class="co-item__col1 co-item__col1--rest-in-shelf"><button type="button" data-auto-id="linkProductImage" class="asda-link asda-link--primary asda-link--button" aria-disabled="false"><div class="thumbnail__image-container thumbnail__image-container--load-effect co-product__image co-product__image--rest-in-shelf co-item__image"></div></button><div class="co-item__items-container"><div class="co-item-fsl__favourites-image-container co-item__items" role="presentation" data-auto-id="favouritesAndShoppingList"><div class="context-wrapper"><button data-auto-id="" type="button" class="asda-btn asda-btn--plain asda-btn--icon co-item-fsl__favourites-button" aria-label="options for favourite shopping list" aria-expanded="false"><span role="img" data-auto-id="" class="asda-icon asda-icon--white asda-icon--regular asda-icon--rotate0 co-item-fsl__favourites-image co-item__items"><svg viewBox="0 0 35 23" xmlns="http://www.w3.org/2000/svg" xmlns:xlink="http://www.w3.org/1999/xlink" data-di-res-id="e6334031-25adcfe3" data-di-rand="1700859408971"><defs><path id="asda_fav_list_1" d="M7.02 2C7 2.344 7 2.685 7 3h6c0-.315 0-.656-.02-1H18c1 0 2 .784 2 1.667v17.667C20 22.167 19 23 18 23H2c-1 0-2-.833-2-1.666V3.667C0 2.833 1 2 2 2h5.02zM12 2H8c0-1 1-2 2-2s2 1 2 2zM7 17v2h10v-2H7zm-4-5v2h2v-2H3zm0-5v2h2V7H3zm0 10v2h2v-2H3zm4-5v2h10v-2H7zm0-5v2h10V7H7z"></path><path id="asda_fav_list_2" d="M24 21c-1.818-1.8-10-7.65-10-12.6C14 5.7 15.818 3 19 3c2 0 4 .82 5 3.295C25 3.82 27 3 29 3c3.182 0 5 2.7 5 5.4 0 4.95-8.182 10.8-10 12.6z"></path></defs><g class="asda-icon__draw" fill="none" fill-rule="evenodd"><use fill="#3d3d3d" xlink:href="#asda_fav_list_1"></use><use class="asda-icon__draw" fill="#FFF" stroke="#3d3d3d" stroke-width="1.9" xlink:href="#asda_fav_list_2"></use></g></svg></span></button></div></div><div class="co-item__volume-container co-item__items"><span class="co-product__volume co-item__volume">240g      </span></div></div></div><div class="co-item__col2 co-item__col2--rest-in-shelf"><div class="co-item__title-container co-item__title-container--rest-in-shelf"><h3 class="co-product__title"><a class="co-product__anchor" data-auto-id="linkProductTitle" href="/product/salmon/asda-flavoursome-2-salmon-fillets/910001311986" data-di-id="di-id-b52f6e4a-b97a8150">ASDA Flavoursome 2 Salmon Fillets</a></h3></div><div class="co-item__rating-container"><button type="button" data-auto-id="linkProductRating" class="asda-link asda-link--primary asda-link--button co-product__rating" aria-disabled="false" aria-label="3.8 stars out of 5 based on 50+ reviews, you will be taken to the reviews on clicking this" data-di-id="di-id-f9fe053c-665ea5f8"><div class="rating-stars rating-stars--windows"><div class="rating-stars__stars rating-stars__stars--top" aria-hidden="true" style="width: 76%;"><span aria-hidden="true">★</span><span aria-hidden="true">★</span><span aria-hidden="true">★</span><span aria-hidden="true">★</span><span aria-hidden="true">★</span></div><div class="rating-stars__stars rating-stars__stars--bottom" aria-hidden="true"><span aria-hidden="true">☆</span><span aria-hidden="true">☆</span><span aria-hidden="true">☆</span><span aria-hidden="true">☆</span><span aria-hidden="true">☆</span></div></div><span class="co-product__review-count" aria-hidden="true">(50+)</span></button></div><div class="co-item__bundled-item-count-container"></div><div class="co-item__promo-container co-item__promo-container--rest-in-shelf"></div><ul></ul></div><div class="co-item__col3 co-item__col3--rest-in-shelf"><div class="co-item__price-container co-item__price-container--rest-in-shelf"><span class="co-item__price-per-uom"><strong class="co-product__price"><span class="co-product__hidden-label"> now </span>£4.80</strong><p class="co-item__price-per-uom-msg"><span class="co-product__price-per-uom">(£20.00/kg)</span></p></span></div><div class="co-item__quantity-container co-item__quantity-container--rest-in-shelf"><div class="co-item__quantity-container"><div class="quantity-button"><div class="add-button-with-tooltip"><div class="tooltip-wrapper"><button data-auto-id="btnAdd" type="button" class="asda-btn asda-btn--primary asda-btn--fluid add-button" aria-label="Add item ASDA Flavoursome 2 Salmon Fillets to cart" data-di-id="di-id-bd5e14ce-b3d9e896">Add</button></div></div></div></div></div></div><div class="co-item__col4"><a class="asda-link asda-link--primary" data-auto-id="linkViewTheShelf" target="_self" href="/aisle/meat-poultry-fish/fish-seafood/salmon/1215135760597-1215337195095-1215685901159" data-di-id="di-id-9404a7e0-69a8840c">View the shelf</a></div></div></div></li><li class=" co-item co-item--rest-in-shelf " style="order: 39;"><div><div class="co-product"><div class="co-item__col1 co-item__col1--rest-in-shelf"><button type="button" data-auto-id="linkProductImage" class="asda-link asda-link--primary asda-link--button" aria-disabled="false"><div class="thumbnail__image-container thumbnail__image-container--load-effect co-product__image co-product__image--rest-in-shelf co-item__image"></div></button><div class="co-item__items-container"><div class="co-item-fsl__favourites-image-container co-item__items" role="presentation" data-auto-id="favouritesAndShoppingList"><div class="context-wrapper"><button data-auto-id="" type="button" class="asda-btn asda-btn--plain asda-btn--icon co-item-fsl__favourites-button" aria-label="options for favourite shopping list" aria-expanded="false"><span role="img" data-auto-id="" class="asda-icon asda-icon--white asda-icon--regular asda-icon--rotate0 co-item-fsl__favourites-image co-item__items"><svg viewBox="0 0 35 23" xmlns="http://www.w3.org/2000/svg" xmlns:xlink="http://www.w3.org/1999/xlink" data-di-res-id="f486efdf-155b96c1" data-di-rand="1700859408972"><defs><path id="asda_fav_list_1" d="M7.02 2C7 2.344 7 2.685 7 3h6c0-.315 0-.656-.02-1H18c1 0 2 .784 2 1.667v17.667C20 22.167 19 23 18 23H2c-1 0-2-.833-2-1.666V3.667C0 2.833 1 2 2 2h5.02zM12 2H8c0-1 1-2 2-2s2 1 2 2zM7 17v2h10v-2H7zm-4-5v2h2v-2H3zm0-5v2h2V7H3zm0 10v2h2v-2H3zm4-5v2h10v-2H7zm0-5v2h10V7H7z"></path><path id="asda_fav_list_2" d="M24 21c-1.818-1.8-10-7.65-10-12.6C14 5.7 15.818 3 19 3c2 0 4 .82 5 3.295C25 3.82 27 3 29 3c3.182 0 5 2.7 5 5.4 0 4.95-8.182 10.8-10 12.6z"></path></defs><g class="asda-icon__draw" fill="none" fill-rule="evenodd"><use fill="#3d3d3d" xlink:href="#asda_fav_list_1"></use><use class="asda-icon__draw" fill="#FFF" stroke="#3d3d3d" stroke-width="1.9" xlink:href="#asda_fav_list_2"></use></g></svg></span></button></div></div><div class="co-item__volume-container co-item__items"><span class="co-product__volume co-item__volume">each</span></div></div></div><div class="co-item__col2 co-item__col2--rest-in-shelf"><div class="co-item__title-container co-item__title-container--rest-in-shelf"><h3 class="co-product__title"><a class="co-product__anchor" data-auto-id="linkProductTitle" href="/product/bacon/asda-10-unsmoked-back-bacon-rashers-stock-up-bundle/9999999113121" data-di-id="di-id-c762e7-2d640521">ASDA 10 Unsmoked Back Bacon Rashers Stock Up Bundle</a></h3></div><div class="co-item__rating-container"></div><div class="co-item__bundled-item-count-container"><span class="co-product__bundled-item-count">Contains 1 item</span></div><div class="co-item__promo-container co-item__promo-container--rest-in-shelf"><span data-auto-id="secondaryPromoBanner" class="co-product__promo co-product__promo--bundle co-product__promo--rest-in-shelf" title="Bundle"><span class="co-product__promo-text">Bundle</span></span></div><ul></ul></div><div class="co-item__col3 co-item__col3--rest-in-shelf"><div class="co-item__price-container co-item__price-container--rest-in-shelf"><span class="co-item__price-per-uom"><strong class="co-product__price"><span class="co-product__hidden-label"> now </span>£8.00</strong><p class="co-item__price-per-uom-msg"></p></span></div><div class="co-item__quantity-container co-item__quantity-container--rest-in-shelf"><div class="co-item__quantity-container"><a class="asda-btn asda-btn--primary" data-auto-id="btnViewBundle" href="/product/bacon/asda-10-unsmoked-back-bacon-rashers-stock-up-bundle/9999999113121?origin=/search/meat-poultry-fish/products?page=2" data-di-id="di-id-1897839c-69ce9ad0">View Bundle</a></div></div></div></div></div></li><li class=" co-item co-item--rest-in-shelf " style="order: 40;"><div><div class="co-product"><div class="co-item__col1 co-item__col1--rest-in-shelf"><button type="button" data-auto-id="linkProductImage" class="asda-link asda-link--primary asda-link--button" aria-disabled="false"><div class="thumbnail__image-container thumbnail__image-container--load-effect co-product__image co-product__image--rest-in-shelf co-item__image"></div></button><div class="co-item__items-container"><div class="co-item-fsl__favourites-image-container co-item__items" role="presentation" data-auto-id="favouritesAndShoppingList"><div class="context-wrapper"><button data-auto-id="" type="button" class="asda-btn asda-btn--plain asda-btn--icon co-item-fsl__favourites-button" aria-label="options for favourite shopping list" aria-expanded="false"><span role="img" data-auto-id="" class="asda-icon asda-icon--white asda-icon--regular asda-icon--rotate0 co-item-fsl__favourites-image co-item__items"><svg viewBox="0 0 35 23" xmlns="http://www.w3.org/2000/svg" xmlns:xlink="http://www.w3.org/1999/xlink" data-di-res-id="f486efdf-bb8dd8c8" data-di-rand="1700859408972"><defs><path id="asda_fav_list_1" d="M7.02 2C7 2.344 7 2.685 7 3h6c0-.315 0-.656-.02-1H18c1 0 2 .784 2 1.667v17.667C20 22.167 19 23 18 23H2c-1 0-2-.833-2-1.666V3.667C0 2.833 1 2 2 2h5.02zM12 2H8c0-1 1-2 2-2s2 1 2 2zM7 17v2h10v-2H7zm-4-5v2h2v-2H3zm0-5v2h2V7H3zm0 10v2h2v-2H3zm4-5v2h10v-2H7zm0-5v2h10V7H7z"></path><path id="asda_fav_list_2" d="M24 21c-1.818-1.8-10-7.65-10-12.6C14 5.7 15.818 3 19 3c2 0 4 .82 5 3.295C25 3.82 27 3 29 3c3.182 0 5 2.7 5 5.4 0 4.95-8.182 10.8-10 12.6z"></path></defs><g class="asda-icon__draw" fill="none" fill-rule="evenodd"><use fill="#3d3d3d" xlink:href="#asda_fav_list_1"></use><use class="asda-icon__draw" fill="#FFF" stroke="#3d3d3d" stroke-width="1.9" xlink:href="#asda_fav_list_2"></use></g></svg></span></button></div></div><div class="co-item__volume-container co-item__items"><span class="co-product__volume co-item__volume">650g      </span></div></div><div class="link-save-banner"><a class="link-save-banner-large__anchor link-save-banner-large__anchor--hyperlink" data-auto-id="linkPromoDetail" href="/promotion/2-for-8/ls92836" data-di-id="di-id-a30e8dee-4e34d33"><div class="link-save-banner-large__meat-sticker"><span class="link-save-banner-large__config link-save-banner-large__config--block link-save-banner-large__config--font-normal link-save-banner-large__config--center link-save-banner-large__config--height-normal">Any 2 for </span><span class="link-save-banner-large__config link-save-banner-large__config--block link-save-banner-large__config--font-huge link-save-banner-large__config--up-small">£8</span><span class="link-save-banner-large__view-all">View all</span></div></a></div></div><div class="co-item__col2 co-item__col2--rest-in-shelf co-item__col2--has-icon-list"><div class="co-item__title-container co-item__title-container--rest-in-shelf"><h3 class="co-product__title"><a class="co-product__anchor" data-auto-id="linkProductTitle" href="/product/2-for-8-meat-fish/asda-sticky-chinese-style-chicken-stir-fry-kit/1000383161806" data-di-id="di-id-d9e87428-5c992f79">ASDA Sticky Chinese Style Chicken Stir-Fry Kit</a></h3></div><div class="co-item__rating-container"><button type="button" data-auto-id="linkProductRating" class="asda-link asda-link--primary asda-link--button co-product__rating" aria-disabled="false" aria-label="4.43 stars out of 5 based on 49 reviews, you will be taken to the reviews on clicking this" data-di-id="di-id-f9fe053c-69faf287"><div class="rating-stars rating-stars--windows"><div class="rating-stars__stars rating-stars__stars--top" aria-hidden="true" style="width: 88.6%;"><span aria-hidden="true">★</span><span aria-hidden="true">★</span><span aria-hidden="true">★</span><span aria-hidden="true">★</span><span aria-hidden="true">★</span></div><div class="rating-stars__stars rating-stars__stars--bottom" aria-hidden="true"><span aria-hidden="true">☆</span><span aria-hidden="true">☆</span><span aria-hidden="true">☆</span><span aria-hidden="true">☆</span><span aria-hidden="true">☆</span></div></div><span class="co-product__review-count" aria-hidden="true">(49)</span></button></div><div class="co-item__bundled-item-count-container"></div><div class="co-item__promo-container co-item__promo-container--rest-in-shelf"></div><ul><div class="co-item__icon-list-container"><ul class="co-product__promo-icon-list co-item__promo-icon-list co-item__promo-icon-list--list-position"><li class="co-product__promo-icon-item"><div class="co-product__promo-icon-image-cntr"><button data-auto-id="btnPromo" type="button" class="asda-btn asda-btn--plain co-product__promo-icon-button" aria-label="show information on Good Housekeeping Taste Approved"><picture class="asda-image picture"><source srcset="https://ui.assets-asda.com/dm/_987_goodhousekeepingaward_23?$icon-wapp$=&amp;$Icon-wapp2x$=&amp;qlt=50"><img alt="Good Housekeeping Taste Approved" class="asda-img asda-image co-product__promo-icon-img" data-auto-id="" src="https://ui.assets-asda.com/dm/_987_goodhousekeepingaward_23?$icon-wapp$=&amp;$Icon-wapp2x$=&amp;qlt=50" loading="lazy" title="Good Housekeeping Taste Approved"></picture></button></div></li></ul></div></ul></div><div class="co-item__col3 co-item__col3--rest-in-shelf"><div class="co-item__price-container co-item__price-container--rest-in-shelf"><span class="co-item__price-per-uom"><strong class="co-product__price"><span class="co-product__hidden-label"> now </span>£4.40</strong><p class="co-item__price-per-uom-msg"><span class="co-product__price-per-uom">(£6.77/kg)</span></p></span></div><div class="co-item__quantity-container co-item__quantity-container--rest-in-shelf"><div class="co-item__quantity-container"><div class="quantity-button"><div class="add-button-with-tooltip"><div class="tooltip-wrapper"><button data-auto-id="btnAdd" type="button" class="asda-btn asda-btn--primary asda-btn--fluid add-button" aria-label="Add item ASDA Sticky Chinese Style Chicken Stir-Fry Kit to cart" data-di-id="di-id-bd5e14ce-b3d9e896">Add</button></div></div></div></div></div></div><div class="co-item__col4"><a class="asda-link asda-link--primary" data-auto-id="linkViewTheShelf" target="_self" href="/aisle/meat-poultry-fish/meat-poultry/2-for-8-meat-fish/1215135760597-910000975206-1215686353982" data-di-id="di-id-2a0a295d-d53abe78">View the shelf</a></div></div></div></li><li class=" co-item co-item--rest-in-shelf " style="order: 41;"><div><div class="co-product"><div class="co-item__col1 co-item__col1--rest-in-shelf"><button type="button" data-auto-id="linkProductImage" class="asda-link asda-link--primary asda-link--button" aria-disabled="false"><div class="thumbnail__image-container thumbnail__image-container--load-effect co-product__image co-product__image--rest-in-shelf co-item__image"></div></button><div class="co-item__items-container"><div class="co-item-fsl__favourites-image-container co-item__items" role="presentation" data-auto-id="favouritesAndShoppingList"><div class="context-wrapper"><button data-auto-id="" type="button" class="asda-btn asda-btn--plain asda-btn--icon co-item-fsl__favourites-button" aria-label="options for favourite shopping list" aria-expanded="false"><span role="img" data-auto-id="" class="asda-icon asda-icon--white asda-icon--regular asda-icon--rotate0 co-item-fsl__favourites-image co-item__items"><svg viewBox="0 0 35 23" xmlns="http://www.w3.org/2000/svg" xmlns:xlink="http://www.w3.org/1999/xlink" data-di-res-id="4c3a88ba-9057fcbd" data-di-rand="1700859408973"><defs><path id="asda_fav_list_1" d="M7.02 2C7 2.344 7 2.685 7 3h6c0-.315 0-.656-.02-1H18c1 0 2 .784 2 1.667v17.667C20 22.167 19 23 18 23H2c-1 0-2-.833-2-1.666V3.667C0 2.833 1 2 2 2h5.02zM12 2H8c0-1 1-2 2-2s2 1 2 2zM7 17v2h10v-2H7zm-4-5v2h2v-2H3zm0-5v2h2V7H3zm0 10v2h2v-2H3zm4-5v2h10v-2H7zm0-5v2h10V7H7z"></path><path id="asda_fav_list_2" d="M24 21c-1.818-1.8-10-7.65-10-12.6C14 5.7 15.818 3 19 3c2 0 4 .82 5 3.295C25 3.82 27 3 29 3c3.182 0 5 2.7 5 5.4 0 4.95-8.182 10.8-10 12.6z"></path></defs><g class="asda-icon__draw" fill="none" fill-rule="evenodd"><use fill="#3d3d3d" xlink:href="#asda_fav_list_1"></use><use class="asda-icon__draw" fill="#FFF" stroke="#3d3d3d" stroke-width="1.9" xlink:href="#asda_fav_list_2"></use></g></svg></span></button></div></div><div class="co-item__volume-container co-item__items"><span class="co-product__volume co-item__volume">200g      </span></div></div></div><div class="co-item__col2 co-item__col2--rest-in-shelf"><div class="co-item__title-container co-item__title-container--rest-in-shelf"><h3 class="co-product__title"><a class="co-product__anchor" data-auto-id="linkProductTitle" href="/product/bacon/better-naked-bacon-6-unsmoked-back-bacon-rashers/1000153524351" data-di-id="di-id-d0aca660-b82bd4e0">Better Naked Bacon 6 Unsmoked Back Bacon Rashers</a></h3></div><div class="co-item__rating-container"><button type="button" data-auto-id="linkProductRating" class="asda-link asda-link--primary asda-link--button co-product__rating" aria-disabled="false" aria-label="4.33 stars out of 5 based on 48 reviews, you will be taken to the reviews on clicking this" data-di-id="di-id-f9fe053c-70e1c3c6"><div class="rating-stars rating-stars--windows"><div class="rating-stars__stars rating-stars__stars--top" aria-hidden="true" style="width: 86.6%;"><span aria-hidden="true">★</span><span aria-hidden="true">★</span><span aria-hidden="true">★</span><span aria-hidden="true">★</span><span aria-hidden="true">★</span></div><div class="rating-stars__stars rating-stars__stars--bottom" aria-hidden="true"><span aria-hidden="true">☆</span><span aria-hidden="true">☆</span><span aria-hidden="true">☆</span><span aria-hidden="true">☆</span><span aria-hidden="true">☆</span></div></div><span class="co-product__review-count" aria-hidden="true">(48)</span></button></div><div class="co-item__bundled-item-count-container"></div><div class="co-item__promo-container co-item__promo-container--rest-in-shelf"></div><ul></ul></div><div class="co-item__col3 co-item__col3--rest-in-shelf"><div class="co-item__price-container co-item__price-container--rest-in-shelf"><span class="co-item__price-per-uom"><strong class="co-product__price"><span class="co-product__hidden-label"> now </span>£2.55</strong><p class="co-item__price-per-uom-msg"><span class="co-product__price-per-uom">(£12.75/kg)</span></p></span></div><div class="co-item__quantity-container co-item__quantity-container--rest-in-shelf"><div class="co-item__quantity-container"><div class="quantity-button"><div class="add-button-with-tooltip"><div class="tooltip-wrapper"><button data-auto-id="btnAdd" type="button" class="asda-btn asda-btn--primary asda-btn--fluid add-button" aria-label="Add item Better Naked Bacon 6 Unsmoked Back Bacon Rashers to cart" data-di-id="di-id-bd5e14ce-b3d9e896">Add</button></div></div></div></div></div></div><div class="co-item__col4"><a class="asda-link asda-link--primary" data-auto-id="linkViewTheShelf" target="_self" href="/shelf/meat-poultry-fish/meat-poultry/bacon-sausages-gammon/bacon/1215135760597-910000975206-910000975529-1215684161143" data-di-id="di-id-f36189d6-372588df">View the shelf</a></div></div></div></li><li class=" co-item co-item--rest-in-shelf " style="order: 42;"><div><div class="co-product"><div class="co-item__col1 co-item__col1--rest-in-shelf"><button type="button" data-auto-id="linkProductImage" class="asda-link asda-link--primary asda-link--button" aria-disabled="false"><div class="thumbnail__image-container thumbnail__image-container--load-effect co-product__image co-product__image--rest-in-shelf co-item__image"></div></button><div class="co-item__items-container"><div class="co-item-fsl__favourites-image-container co-item__items" role="presentation" data-auto-id="favouritesAndShoppingList"><div class="context-wrapper"><button data-auto-id="" type="button" class="asda-btn asda-btn--plain asda-btn--icon co-item-fsl__favourites-button" aria-label="options for favourite shopping list" aria-expanded="false"><span role="img" data-auto-id="" class="asda-icon asda-icon--white asda-icon--regular asda-icon--rotate0 co-item-fsl__favourites-image co-item__items"><svg viewBox="0 0 35 23" xmlns="http://www.w3.org/2000/svg" xmlns:xlink="http://www.w3.org/1999/xlink" data-di-res-id="d1edb003-afafd9e6" data-di-rand="1700859408974"><defs><path id="asda_fav_list_1" d="M7.02 2C7 2.344 7 2.685 7 3h6c0-.315 0-.656-.02-1H18c1 0 2 .784 2 1.667v17.667C20 22.167 19 23 18 23H2c-1 0-2-.833-2-1.666V3.667C0 2.833 1 2 2 2h5.02zM12 2H8c0-1 1-2 2-2s2 1 2 2zM7 17v2h10v-2H7zm-4-5v2h2v-2H3zm0-5v2h2V7H3zm0 10v2h2v-2H3zm4-5v2h10v-2H7zm0-5v2h10V7H7z"></path><path id="asda_fav_list_2" d="M24 21c-1.818-1.8-10-7.65-10-12.6C14 5.7 15.818 3 19 3c2 0 4 .82 5 3.295C25 3.82 27 3 29 3c3.182 0 5 2.7 5 5.4 0 4.95-8.182 10.8-10 12.6z"></path></defs><g class="asda-icon__draw" fill="none" fill-rule="evenodd"><use fill="#3d3d3d" xlink:href="#asda_fav_list_1"></use><use class="asda-icon__draw" fill="#FFF" stroke="#3d3d3d" stroke-width="1.9" xlink:href="#asda_fav_list_2"></use></g></svg></span></button></div></div><div class="co-item__volume-container co-item__items"><span class="co-product__volume co-item__volume">370g      </span></div></div><div class="link-save-banner"><a class="link-save-banner-large__anchor link-save-banner-large__anchor--hyperlink" data-auto-id="linkPromoDetail" href="/promotion/2-for-8/ls92836" data-di-id="di-id-a30e8dee-4e34d33"><div class="link-save-banner-large__meat-sticker"><span class="link-save-banner-large__config link-save-banner-large__config--block link-save-banner-large__config--font-normal link-save-banner-large__config--center link-save-banner-large__config--height-normal">Any 2 for </span><span class="link-save-banner-large__config link-save-banner-large__config--block link-save-banner-large__config--font-huge link-save-banner-large__config--up-small">£8</span><span class="link-save-banner-large__view-all">View all</span></div></a></div></div><div class="co-item__col2 co-item__col2--rest-in-shelf"><div class="co-item__title-container co-item__title-container--rest-in-shelf"><h3 class="co-product__title"><a class="co-product__anchor" data-auto-id="linkProductTitle" href="/product/gammon/asda-extra-special-dry-cured-gammon-steaks-unsmoked/1000121694393" data-di-id="di-id-c762e7-409361a4">ASDA Extra Special Dry Cured Gammon Steaks Unsmoked</a></h3></div><div class="co-item__rating-container"><button type="button" data-auto-id="linkProductRating" class="asda-link asda-link--primary asda-link--button co-product__rating" aria-disabled="false" aria-label="3.68 stars out of 5 based on 50 reviews, you will be taken to the reviews on clicking this" data-di-id="di-id-f9fe053c-b9fa23f9"><div class="rating-stars rating-stars--windows"><div class="rating-stars__stars rating-stars__stars--top" aria-hidden="true" style="width: 73.6%;"><span aria-hidden="true">★</span><span aria-hidden="true">★</span><span aria-hidden="true">★</span><span aria-hidden="true">★</span><span aria-hidden="true">★</span></div><div class="rating-stars__stars rating-stars__stars--bottom" aria-hidden="true"><span aria-hidden="true">☆</span><span aria-hidden="true">☆</span><span aria-hidden="true">☆</span><span aria-hidden="true">☆</span><span aria-hidden="true">☆</span></div></div><span class="co-product__review-count" aria-hidden="true">(50)</span></button></div><div class="co-item__bundled-item-count-container"></div><div class="co-item__promo-container co-item__promo-container--rest-in-shelf"></div><ul></ul></div><div class="co-item__col3 co-item__col3--rest-in-shelf"><div class="co-item__price-container co-item__price-container--rest-in-shelf"><span class="co-item__price-per-uom"><strong class="co-product__price"><span class="co-product__hidden-label"> now </span>£4.40</strong><p class="co-item__price-per-uom-msg"><span class="co-product__price-per-uom">(£11.89/kg)</span></p></span></div><div class="co-item__quantity-container co-item__quantity-container--rest-in-shelf"><div class="co-item__quantity-container"><div class="quantity-button"><div class="add-button-with-tooltip"><div class="tooltip-wrapper"><button data-auto-id="btnAdd" type="button" class="asda-btn asda-btn--primary asda-btn--fluid add-button" aria-label="Add item ASDA Extra Special Dry Cured Gammon Steaks Unsmoked to cart" data-di-id="di-id-bd5e14ce-b3d9e896">Add</button></div></div></div></div></div></div><div class="co-item__col4"><a class="asda-link asda-link--primary" data-auto-id="linkViewTheShelf" target="_self" href="/shelf/meat-poultry-fish/meat-poultry/bacon-sausages-gammon/gammon/1215135760597-910000975206-910000975529-910000977100" data-di-id="di-id-f36189d6-d71e1149">View the shelf</a></div></div></div></li><li class=" co-item co-item--rest-in-shelf " style="order: 43;"><div><div class="co-product"><div class="co-item__col1 co-item__col1--rest-in-shelf"><button type="button" data-auto-id="linkProductImage" class="asda-link asda-link--primary asda-link--button" aria-disabled="false"><div class="thumbnail__image-container thumbnail__image-container--load-effect co-product__image co-product__image--rest-in-shelf co-item__image"></div></button><div class="co-item__items-container"><div class="co-item-fsl__favourites-image-container co-item__items" role="presentation" data-auto-id="favouritesAndShoppingList"><div class="context-wrapper"><button data-auto-id="" type="button" class="asda-btn asda-btn--plain asda-btn--icon co-item-fsl__favourites-button" aria-label="options for favourite shopping list" aria-expanded="false"><span role="img" data-auto-id="" class="asda-icon asda-icon--white asda-icon--regular asda-icon--rotate0 co-item-fsl__favourites-image co-item__items"><svg viewBox="0 0 35 23" xmlns="http://www.w3.org/2000/svg" xmlns:xlink="http://www.w3.org/1999/xlink" data-di-res-id="d1edb003-10b334af" data-di-rand="1700859408974"><defs><path id="asda_fav_list_1" d="M7.02 2C7 2.344 7 2.685 7 3h6c0-.315 0-.656-.02-1H18c1 0 2 .784 2 1.667v17.667C20 22.167 19 23 18 23H2c-1 0-2-.833-2-1.666V3.667C0 2.833 1 2 2 2h5.02zM12 2H8c0-1 1-2 2-2s2 1 2 2zM7 17v2h10v-2H7zm-4-5v2h2v-2H3zm0-5v2h2V7H3zm0 10v2h2v-2H3zm4-5v2h10v-2H7zm0-5v2h10V7H7z"></path><path id="asda_fav_list_2" d="M24 21c-1.818-1.8-10-7.65-10-12.6C14 5.7 15.818 3 19 3c2 0 4 .82 5 3.295C25 3.82 27 3 29 3c3.182 0 5 2.7 5 5.4 0 4.95-8.182 10.8-10 12.6z"></path></defs><g class="asda-icon__draw" fill="none" fill-rule="evenodd"><use fill="#3d3d3d" xlink:href="#asda_fav_list_1"></use><use class="asda-icon__draw" fill="#FFF" stroke="#3d3d3d" stroke-width="1.9" xlink:href="#asda_fav_list_2"></use></g></svg></span></button></div></div><div class="co-item__volume-container co-item__items"><span class="co-product__volume co-item__volume">650g      </span></div></div><div class="link-save-banner"><a class="link-save-banner-large__anchor link-save-banner-large__anchor--hyperlink" data-auto-id="linkPromoDetail" href="/promotion/2-for-8/ls92836" data-di-id="di-id-a30e8dee-4e34d33"><div class="link-save-banner-large__meat-sticker"><span class="link-save-banner-large__config link-save-banner-large__config--block link-save-banner-large__config--font-normal link-save-banner-large__config--center link-save-banner-large__config--height-normal">Any 2 for </span><span class="link-save-banner-large__config link-save-banner-large__config--block link-save-banner-large__config--font-huge link-save-banner-large__config--up-small">£8</span><span class="link-save-banner-large__view-all">View all</span></div></a></div></div><div class="co-item__col2 co-item__col2--rest-in-shelf co-item__col2--has-icon-list"><div class="co-item__title-container co-item__title-container--rest-in-shelf"><h3 class="co-product__title"><a class="co-product__anchor" data-auto-id="linkProductTitle" href="/product/2-for-8-meat-fish/asda-sticky-sweet-chilli-chicken-stir-fry-kit/1000383161796" data-di-id="di-id-d9e87428-c9a54453">ASDA Sticky Sweet Chilli Chicken Stir-Fry Kit</a></h3></div><div class="co-item__rating-container"><button type="button" data-auto-id="linkProductRating" class="asda-link asda-link--primary asda-link--button co-product__rating" aria-disabled="false" aria-label="4.35 stars out of 5 based on 23 reviews, you will be taken to the reviews on clicking this" data-di-id="di-id-f9fe053c-979866bf"><div class="rating-stars rating-stars--windows"><div class="rating-stars__stars rating-stars__stars--top" aria-hidden="true" style="width: 87%;"><span aria-hidden="true">★</span><span aria-hidden="true">★</span><span aria-hidden="true">★</span><span aria-hidden="true">★</span><span aria-hidden="true">★</span></div><div class="rating-stars__stars rating-stars__stars--bottom" aria-hidden="true"><span aria-hidden="true">☆</span><span aria-hidden="true">☆</span><span aria-hidden="true">☆</span><span aria-hidden="true">☆</span><span aria-hidden="true">☆</span></div></div><span class="co-product__review-count" aria-hidden="true">(23)</span></button></div><div class="co-item__bundled-item-count-container"></div><div class="co-item__promo-container co-item__promo-container--rest-in-shelf"></div><ul><div class="co-item__icon-list-container"><ul class="co-product__promo-icon-list co-item__promo-icon-list co-item__promo-icon-list--list-position"><li class="co-product__promo-icon-item"><div class="co-product__promo-icon-image-cntr"><button data-auto-id="btnPromo" type="button" class="asda-btn asda-btn--plain co-product__promo-icon-button" aria-label="show information on Live Better"><picture class="asda-image picture"><source srcset="https://ui.assets-asda.com/dm/_923_LiveBetter?$Icon-wapp$=&amp;$Icon-wapp2x$=&amp;qlt=50"><img alt="Live Better" class="asda-img asda-image co-product__promo-icon-img" data-auto-id="" src="https://ui.assets-asda.com/dm/_923_LiveBetter?$Icon-wapp$=&amp;$Icon-wapp2x$=&amp;qlt=50" loading="lazy" title="Live Better"></picture></button></div></li></ul></div></ul></div><div class="co-item__col3 co-item__col3--rest-in-shelf"><div class="co-item__price-container co-item__price-container--rest-in-shelf"><span class="co-item__price-per-uom"><strong class="co-product__price"><span class="co-product__hidden-label"> now </span>£4.40</strong><p class="co-item__price-per-uom-msg"><span class="co-product__price-per-uom">(£6.77/kg)</span></p></span></div><div class="co-item__quantity-container co-item__quantity-container--rest-in-shelf"><div class="co-item__quantity-container"><div class="quantity-button"><div class="add-button-with-tooltip"><div class="tooltip-wrapper"><button data-auto-id="btnAdd" type="button" class="asda-btn asda-btn--primary asda-btn--fluid add-button" aria-label="Add item ASDA Sticky Sweet Chilli Chicken Stir-Fry Kit to cart" data-di-id="di-id-bd5e14ce-b3d9e896">Add</button></div></div></div></div></div></div><div class="co-item__col4"><a class="asda-link asda-link--primary" data-auto-id="linkViewTheShelf" target="_self" href="/aisle/meat-poultry-fish/meat-poultry/2-for-8-meat-fish/1215135760597-910000975206-1215686353982" data-di-id="di-id-2a0a295d-d53abe78">View the shelf</a></div></div></div></li><li class=" co-item co-item--rest-in-shelf " style="order: 44;"><div><div class="co-product"><div class="co-item__col1 co-item__col1--rest-in-shelf"><button type="button" data-auto-id="linkProductImage" class="asda-link asda-link--primary asda-link--button" aria-disabled="false"><div class="thumbnail__image-container thumbnail__image-container--load-effect co-product__image co-product__image--rest-in-shelf co-item__image"></div></button><div class="co-item__items-container"><div class="co-item-fsl__favourites-image-container co-item__items" role="presentation" data-auto-id="favouritesAndShoppingList"><div class="context-wrapper"><button data-auto-id="" type="button" class="asda-btn asda-btn--plain asda-btn--icon co-item-fsl__favourites-button" aria-label="options for favourite shopping list" aria-expanded="false"><span role="img" data-auto-id="" class="asda-icon asda-icon--white asda-icon--regular asda-icon--rotate0 co-item-fsl__favourites-image co-item__items"><svg viewBox="0 0 35 23" xmlns="http://www.w3.org/2000/svg" xmlns:xlink="http://www.w3.org/1999/xlink" data-di-res-id="6951d766-1356844e" data-di-rand="1700859408975"><defs><path id="asda_fav_list_1" d="M7.02 2C7 2.344 7 2.685 7 3h6c0-.315 0-.656-.02-1H18c1 0 2 .784 2 1.667v17.667C20 22.167 19 23 18 23H2c-1 0-2-.833-2-1.666V3.667C0 2.833 1 2 2 2h5.02zM12 2H8c0-1 1-2 2-2s2 1 2 2zM7 17v2h10v-2H7zm-4-5v2h2v-2H3zm0-5v2h2V7H3zm0 10v2h2v-2H3zm4-5v2h10v-2H7zm0-5v2h10V7H7z"></path><path id="asda_fav_list_2" d="M24 21c-1.818-1.8-10-7.65-10-12.6C14 5.7 15.818 3 19 3c2 0 4 .82 5 3.295C25 3.82 27 3 29 3c3.182 0 5 2.7 5 5.4 0 4.95-8.182 10.8-10 12.6z"></path></defs><g class="asda-icon__draw" fill="none" fill-rule="evenodd"><use fill="#3d3d3d" xlink:href="#asda_fav_list_1"></use><use class="asda-icon__draw" fill="#FFF" stroke="#3d3d3d" stroke-width="1.9" xlink:href="#asda_fav_list_2"></use></g></svg></span></button></div></div><div class="co-item__volume-container co-item__items"><span class="co-product__volume co-item__volume">300g      </span></div></div><div class="link-save-banner"><a class="link-save-banner-large__anchor link-save-banner-large__anchor--hyperlink" data-auto-id="linkPromoDetail" href="/promotion/2-for-5/ls92436" data-di-id="di-id-a30e8dee-a87ed35"><div class="link-save-banner-large__meat-sticker"><span class="link-save-banner-large__config link-save-banner-large__config--block link-save-banner-large__config--font-normal link-save-banner-large__config--center link-save-banner-large__config--height-normal">Any 2 for </span><span class="link-save-banner-large__config link-save-banner-large__config--block link-save-banner-large__config--font-huge link-save-banner-large__config--up-small">£5</span><span class="link-save-banner-large__view-all">View all</span></div></a></div></div><div class="co-item__col2 co-item__col2--rest-in-shelf"><div class="co-item__title-container co-item__title-container--rest-in-shelf"><h3 class="co-product__title"><a class="co-product__anchor" data-auto-id="linkProductTitle" href="/product/gammon/asda-delicious-2-unsmoked-gammon-steaks/1000273982490" data-di-id="di-id-39cd4d70-f2052069">ASDA Delicious 2 Unsmoked Gammon Steaks </a></h3></div><div class="co-item__rating-container"><button type="button" data-auto-id="linkProductRating" class="asda-link asda-link--primary asda-link--button co-product__rating" aria-disabled="false" aria-label="3.74 stars out of 5 based on 50+ reviews, you will be taken to the reviews on clicking this" data-di-id="di-id-f9fe053c-665ea5f8"><div class="rating-stars rating-stars--windows"><div class="rating-stars__stars rating-stars__stars--top" aria-hidden="true" style="width: 74.8%;"><span aria-hidden="true">★</span><span aria-hidden="true">★</span><span aria-hidden="true">★</span><span aria-hidden="true">★</span><span aria-hidden="true">★</span></div><div class="rating-stars__stars rating-stars__stars--bottom" aria-hidden="true"><span aria-hidden="true">☆</span><span aria-hidden="true">☆</span><span aria-hidden="true">☆</span><span aria-hidden="true">☆</span><span aria-hidden="true">☆</span></div></div><span class="co-product__review-count" aria-hidden="true">(50+)</span></button></div><div class="co-item__bundled-item-count-container"></div><div class="co-item__promo-container co-item__promo-container--rest-in-shelf"></div><ul></ul></div><div class="co-item__col3 co-item__col3--rest-in-shelf"><div class="co-item__price-container co-item__price-container--rest-in-shelf"><span class="co-item__price-per-uom"><strong class="co-product__price"><span class="co-product__hidden-label"> now </span>£2.75</strong><p class="co-item__price-per-uom-msg"><span class="co-product__price-per-uom">(£9.17/kg)</span></p></span></div><div class="co-item__quantity-container co-item__quantity-container--rest-in-shelf"><div class="co-item__quantity-container"><div class="quantity-button"><div class="add-button-with-tooltip"><div class="tooltip-wrapper"><button data-auto-id="btnAdd" type="button" class="asda-btn asda-btn--primary asda-btn--fluid add-button" aria-label="Add item ASDA Delicious 2 Unsmoked Gammon Steaks  to cart" data-di-id="di-id-bd5e14ce-b3d9e896">Add</button></div></div></div></div></div></div><div class="co-item__col4"><a class="asda-link asda-link--primary" data-auto-id="linkViewTheShelf" target="_self" href="/shelf/meat-poultry-fish/meat-poultry/bacon-sausages-gammon/gammon/1215135760597-910000975206-910000975529-910000977100" data-di-id="di-id-f36189d6-d71e1149">View the shelf</a></div></div></div></li><li class=" co-item co-item--rest-in-shelf " style="order: 45;"><div><div class="co-product"><div class="co-item__col1 co-item__col1--rest-in-shelf"><button type="button" data-auto-id="linkProductImage" class="asda-link asda-link--primary asda-link--button" aria-disabled="false"><div class="thumbnail__image-container thumbnail__image-container--load-effect co-product__image co-product__image--rest-in-shelf co-item__image"></div></button><div class="co-item__items-container"><div class="co-item-fsl__favourites-image-container co-item__items" role="presentation" data-auto-id="favouritesAndShoppingList"><div class="context-wrapper"><button data-auto-id="" type="button" class="asda-btn asda-btn--plain asda-btn--icon co-item-fsl__favourites-button" aria-label="options for favourite shopping list" aria-expanded="false"><span role="img" data-auto-id="" class="asda-icon asda-icon--white asda-icon--regular asda-icon--rotate0 co-item-fsl__favourites-image co-item__items"><svg viewBox="0 0 35 23" xmlns="http://www.w3.org/2000/svg" xmlns:xlink="http://www.w3.org/1999/xlink" data-di-res-id="7be47888-ebda606b" data-di-rand="1700859408976"><defs><path id="asda_fav_list_1" d="M7.02 2C7 2.344 7 2.685 7 3h6c0-.315 0-.656-.02-1H18c1 0 2 .784 2 1.667v17.667C20 22.167 19 23 18 23H2c-1 0-2-.833-2-1.666V3.667C0 2.833 1 2 2 2h5.02zM12 2H8c0-1 1-2 2-2s2 1 2 2zM7 17v2h10v-2H7zm-4-5v2h2v-2H3zm0-5v2h2V7H3zm0 10v2h2v-2H3zm4-5v2h10v-2H7zm0-5v2h10V7H7z"></path><path id="asda_fav_list_2" d="M24 21c-1.818-1.8-10-7.65-10-12.6C14 5.7 15.818 3 19 3c2 0 4 .82 5 3.295C25 3.82 27 3 29 3c3.182 0 5 2.7 5 5.4 0 4.95-8.182 10.8-10 12.6z"></path></defs><g class="asda-icon__draw" fill="none" fill-rule="evenodd"><use fill="#3d3d3d" xlink:href="#asda_fav_list_1"></use><use class="asda-icon__draw" fill="#FFF" stroke="#3d3d3d" stroke-width="1.9" xlink:href="#asda_fav_list_2"></use></g></svg></span></button></div></div><div class="co-item__volume-container co-item__items"><span class="co-product__volume co-item__volume">220g      </span></div></div><div class="link-save-banner"><a class="link-save-banner-large__anchor link-save-banner-large__anchor--hyperlink" data-auto-id="linkPromoDetail" href="/promotion/2-for-8/ls92836" data-di-id="di-id-a30e8dee-4e34d33"><div class="link-save-banner-large__meat-sticker"><span class="link-save-banner-large__config link-save-banner-large__config--block link-save-banner-large__config--font-normal link-save-banner-large__config--center link-save-banner-large__config--height-normal">Any 2 for </span><span class="link-save-banner-large__config link-save-banner-large__config--block link-save-banner-large__config--font-huge link-save-banner-large__config--up-small">£8</span><span class="link-save-banner-large__view-all">View all</span></div></a></div></div><div class="co-item__col2 co-item__col2--rest-in-shelf"><div class="co-item__title-container co-item__title-container--rest-in-shelf"><h3 class="co-product__title"><a class="co-product__anchor" data-auto-id="linkProductTitle" href="/product/salmon/youngs-red-thai-infused-salmon-boneless-fillets-220-g/1000324733370" data-di-id="di-id-25607fb2-7a8e3279">Young's Red Thai Infused Salmon Boneless Fillets 220g</a></h3></div><div class="co-item__rating-container"><button type="button" data-auto-id="linkProductRating" class="asda-link asda-link--primary asda-link--button co-product__rating" aria-disabled="false" aria-label="4.33 stars out of 5 based on 48 reviews, you will be taken to the reviews on clicking this" data-di-id="di-id-f9fe053c-70e1c3c6"><div class="rating-stars rating-stars--windows"><div class="rating-stars__stars rating-stars__stars--top" aria-hidden="true" style="width: 86.6%;"><span aria-hidden="true">★</span><span aria-hidden="true">★</span><span aria-hidden="true">★</span><span aria-hidden="true">★</span><span aria-hidden="true">★</span></div><div class="rating-stars__stars rating-stars__stars--bottom" aria-hidden="true"><span aria-hidden="true">☆</span><span aria-hidden="true">☆</span><span aria-hidden="true">☆</span><span aria-hidden="true">☆</span><span aria-hidden="true">☆</span></div></div><span class="co-product__review-count" aria-hidden="true">(48)</span></button></div><div class="co-item__bundled-item-count-container"></div><div class="co-item__promo-container co-item__promo-container--rest-in-shelf"></div><ul></ul></div><div class="co-item__col3 co-item__col3--rest-in-shelf"><div class="co-item__price-container co-item__price-container--rest-in-shelf"><span class="co-item__price-per-uom"><strong class="co-product__price"><span class="co-product__hidden-label"> now </span>£4.65</strong><p class="co-item__price-per-uom-msg"><span class="co-product__price-per-uom">(£21.14/kg)</span></p></span></div><div class="co-item__quantity-container co-item__quantity-container--rest-in-shelf"><div class="co-item__quantity-container"><div class="quantity-button"><div class="add-button-with-tooltip"><div class="tooltip-wrapper"><button data-auto-id="btnAdd" type="button" class="asda-btn asda-btn--primary asda-btn--fluid add-button" aria-label="Add item Young's Red Thai Infused Salmon Boneless Fillets 220g to cart" data-di-id="di-id-bd5e14ce-b3d9e896">Add</button></div></div></div></div></div></div><div class="co-item__col4"><a class="asda-link asda-link--primary" data-auto-id="linkViewTheShelf" target="_self" href="/aisle/meat-poultry-fish/fish-seafood/salmon/1215135760597-1215337195095-1215685901159" data-di-id="di-id-9404a7e0-69a8840c">View the shelf</a></div></div></div></li><li class=" co-item co-item--rest-in-shelf " style="order: 46;"><div><div class="co-product"><div class="co-item__col1 co-item__col1--rest-in-shelf"><button type="button" data-auto-id="linkProductImage" class="asda-link asda-link--primary asda-link--button" aria-disabled="false"><div class="thumbnail__image-container thumbnail__image-container--load-effect co-product__image co-product__image--rest-in-shelf co-item__image"></div></button><div class="co-item__items-container"><div class="co-item-fsl__favourites-image-container co-item__items" role="presentation" data-auto-id="favouritesAndShoppingList"><div class="context-wrapper"><button data-auto-id="" type="button" class="asda-btn asda-btn--plain asda-btn--icon co-item-fsl__favourites-button" aria-label="options for favourite shopping list" aria-expanded="false"><span role="img" data-auto-id="" class="asda-icon asda-icon--white asda-icon--regular asda-icon--rotate0 co-item-fsl__favourites-image co-item__items"><svg viewBox="0 0 35 23" xmlns="http://www.w3.org/2000/svg" xmlns:xlink="http://www.w3.org/1999/xlink" data-di-res-id="7be47888-137908ca" data-di-rand="1700859408976"><defs><path id="asda_fav_list_1" d="M7.02 2C7 2.344 7 2.685 7 3h6c0-.315 0-.656-.02-1H18c1 0 2 .784 2 1.667v17.667C20 22.167 19 23 18 23H2c-1 0-2-.833-2-1.666V3.667C0 2.833 1 2 2 2h5.02zM12 2H8c0-1 1-2 2-2s2 1 2 2zM7 17v2h10v-2H7zm-4-5v2h2v-2H3zm0-5v2h2V7H3zm0 10v2h2v-2H3zm4-5v2h10v-2H7zm0-5v2h10V7H7z"></path><path id="asda_fav_list_2" d="M24 21c-1.818-1.8-10-7.65-10-12.6C14 5.7 15.818 3 19 3c2 0 4 .82 5 3.295C25 3.82 27 3 29 3c3.182 0 5 2.7 5 5.4 0 4.95-8.182 10.8-10 12.6z"></path></defs><g class="asda-icon__draw" fill="none" fill-rule="evenodd"><use fill="#3d3d3d" xlink:href="#asda_fav_list_1"></use><use class="asda-icon__draw" fill="#FFF" stroke="#3d3d3d" stroke-width="1.9" xlink:href="#asda_fav_list_2"></use></g></svg></span></button></div></div><div class="co-item__volume-container co-item__items"><span class="co-product__volume co-item__volume">650g      </span></div></div><div class="link-save-banner"><a class="link-save-banner-large__anchor link-save-banner-large__anchor--hyperlink" data-auto-id="linkPromoDetail" href="/promotion/2-for-8/ls92836" data-di-id="di-id-a30e8dee-4e34d33"><div class="link-save-banner-large__meat-sticker"><span class="link-save-banner-large__config link-save-banner-large__config--block link-save-banner-large__config--font-normal link-save-banner-large__config--center link-save-banner-large__config--height-normal">Any 2 for </span><span class="link-save-banner-large__config link-save-banner-large__config--block link-save-banner-large__config--font-huge link-save-banner-large__config--up-small">£8</span><span class="link-save-banner-large__view-all">View all</span></div></a></div></div><div class="co-item__col2 co-item__col2--rest-in-shelf co-item__col2--has-icon-list"><div class="co-item__title-container co-item__title-container--rest-in-shelf"><h3 class="co-product__title"><a class="co-product__anchor" data-auto-id="linkProductTitle" href="/product/2-for-8-meat-fish/asda-rich-black-bean-chicken-stir-fry-kit/1000383161303" data-di-id="di-id-25607fb2-db0afdd5">ASDA Rich Black Bean Chicken Stir-Fry Kit</a></h3></div><div class="co-item__rating-container"><button type="button" data-auto-id="linkProductRating" class="asda-link asda-link--primary asda-link--button co-product__rating" aria-disabled="false" aria-label="3.36 stars out of 5 based on 14 reviews, you will be taken to the reviews on clicking this" data-di-id="di-id-f9fe053c-da9f4e21"><div class="rating-stars rating-stars--windows"><div class="rating-stars__stars rating-stars__stars--top" aria-hidden="true" style="width: 67.2%;"><span aria-hidden="true">★</span><span aria-hidden="true">★</span><span aria-hidden="true">★</span><span aria-hidden="true">★</span><span aria-hidden="true">★</span></div><div class="rating-stars__stars rating-stars__stars--bottom" aria-hidden="true"><span aria-hidden="true">☆</span><span aria-hidden="true">☆</span><span aria-hidden="true">☆</span><span aria-hidden="true">☆</span><span aria-hidden="true">☆</span></div></div><span class="co-product__review-count" aria-hidden="true">(14)</span></button></div><div class="co-item__bundled-item-count-container"></div><div class="co-item__promo-container co-item__promo-container--rest-in-shelf"></div><ul><div class="co-item__icon-list-container"><ul class="co-product__promo-icon-list co-item__promo-icon-list co-item__promo-icon-list--list-position"><li class="co-product__promo-icon-item"><div class="co-product__promo-icon-image-cntr"><button data-auto-id="btnPromo" type="button" class="asda-btn asda-btn--plain co-product__promo-icon-button" aria-label="show information on Live Better"><picture class="asda-image picture"><source srcset="https://ui.assets-asda.com/dm/_923_LiveBetter?$Icon-wapp$=&amp;$Icon-wapp2x$=&amp;qlt=50"><img alt="Live Better" class="asda-img asda-image co-product__promo-icon-img" data-auto-id="" src="https://ui.assets-asda.com/dm/_923_LiveBetter?$Icon-wapp$=&amp;$Icon-wapp2x$=&amp;qlt=50" loading="lazy" title="Live Better"></picture></button></div></li></ul></div></ul></div><div class="co-item__col3 co-item__col3--rest-in-shelf"><div class="co-item__price-container co-item__price-container--rest-in-shelf"><span class="co-item__price-per-uom"><strong class="co-product__price"><span class="co-product__hidden-label"> now </span>£4.40</strong><p class="co-item__price-per-uom-msg"><span class="co-product__price-per-uom">(£6.77/kg)</span></p></span></div><div class="co-item__quantity-container co-item__quantity-container--rest-in-shelf"><div class="co-item__quantity-container"><div class="quantity-button"><div class="add-button-with-tooltip"><div class="tooltip-wrapper"><button data-auto-id="btnAdd" type="button" class="asda-btn asda-btn--primary asda-btn--fluid add-button" aria-label="Add item ASDA Rich Black Bean Chicken Stir-Fry Kit to cart" data-di-id="di-id-bd5e14ce-b3d9e896">Add</button></div></div></div></div></div></div><div class="co-item__col4"><a class="asda-link asda-link--primary" data-auto-id="linkViewTheShelf" target="_self" href="/aisle/meat-poultry-fish/meat-poultry/2-for-8-meat-fish/1215135760597-910000975206-1215686353982" data-di-id="di-id-2a0a295d-d53abe78">View the shelf</a></div></div></div></li><li class=" co-item co-item--rest-in-shelf " style="order: 47;"><div><div class="co-product"><div class="co-item__col1 co-item__col1--rest-in-shelf"><button type="button" data-auto-id="linkProductImage" class="asda-link asda-link--primary asda-link--button" aria-disabled="false"><div class="thumbnail__image-container thumbnail__image-container--load-effect co-product__image co-product__image--rest-in-shelf co-item__image"></div></button><div class="co-item__items-container"><div class="co-item-fsl__favourites-image-container co-item__items" role="presentation" data-auto-id="favouritesAndShoppingList"><div class="context-wrapper"><button data-auto-id="" type="button" class="asda-btn asda-btn--plain asda-btn--icon co-item-fsl__favourites-button" aria-label="options for favourite shopping list" aria-expanded="false"><span role="img" data-auto-id="" class="asda-icon asda-icon--white asda-icon--regular asda-icon--rotate0 co-item-fsl__favourites-image co-item__items"><svg viewBox="0 0 35 23" xmlns="http://www.w3.org/2000/svg" xmlns:xlink="http://www.w3.org/1999/xlink" data-di-res-id="c3581fed-901cf89b" data-di-rand="1700859408977"><defs><path id="asda_fav_list_1" d="M7.02 2C7 2.344 7 2.685 7 3h6c0-.315 0-.656-.02-1H18c1 0 2 .784 2 1.667v17.667C20 22.167 19 23 18 23H2c-1 0-2-.833-2-1.666V3.667C0 2.833 1 2 2 2h5.02zM12 2H8c0-1 1-2 2-2s2 1 2 2zM7 17v2h10v-2H7zm-4-5v2h2v-2H3zm0-5v2h2V7H3zm0 10v2h2v-2H3zm4-5v2h10v-2H7zm0-5v2h10V7H7z"></path><path id="asda_fav_list_2" d="M24 21c-1.818-1.8-10-7.65-10-12.6C14 5.7 15.818 3 19 3c2 0 4 .82 5 3.295C25 3.82 27 3 29 3c3.182 0 5 2.7 5 5.4 0 4.95-8.182 10.8-10 12.6z"></path></defs><g class="asda-icon__draw" fill="none" fill-rule="evenodd"><use fill="#3d3d3d" xlink:href="#asda_fav_list_1"></use><use class="asda-icon__draw" fill="#FFF" stroke="#3d3d3d" stroke-width="1.9" xlink:href="#asda_fav_list_2"></use></g></svg></span></button></div></div><div class="co-item__volume-container co-item__items"><span class="co-product__volume co-item__volume">180g      </span></div></div></div><div class="co-item__col2 co-item__col2--rest-in-shelf co-item__col2--has-icon-list"><div class="co-item__title-container co-item__title-container--rest-in-shelf"><h3 class="co-product__title"><a class="co-product__anchor" data-auto-id="linkProductTitle" href="/product/vegan-bacon-sausages/plant-based-by-asda-10-meat-free-bacon-style-rashers/1000260230860" data-di-id="di-id-a00ed786-214c7ecc">Plant Based by ASDA 10 Meat-Free Bacon Style Rashers</a></h3></div><div class="co-item__rating-container"><button type="button" data-auto-id="linkProductRating" class="asda-link asda-link--primary asda-link--button co-product__rating" aria-disabled="false" aria-label="3.64 stars out of 5 based on 50+ reviews, you will be taken to the reviews on clicking this" data-di-id="di-id-f9fe053c-665ea5f8"><div class="rating-stars rating-stars--windows"><div class="rating-stars__stars rating-stars__stars--top" aria-hidden="true" style="width: 72.8%;"><span aria-hidden="true">★</span><span aria-hidden="true">★</span><span aria-hidden="true">★</span><span aria-hidden="true">★</span><span aria-hidden="true">★</span></div><div class="rating-stars__stars rating-stars__stars--bottom" aria-hidden="true"><span aria-hidden="true">☆</span><span aria-hidden="true">☆</span><span aria-hidden="true">☆</span><span aria-hidden="true">☆</span><span aria-hidden="true">☆</span></div></div><span class="co-product__review-count" aria-hidden="true">(50+)</span></button></div><div class="co-item__bundled-item-count-container"></div><div class="co-item__promo-container co-item__promo-container--rest-in-shelf"></div><ul><div class="co-item__icon-list-container"><ul class="co-product__promo-icon-list co-item__promo-icon-list co-item__promo-icon-list--list-position"><li class="co-product__promo-icon-item"><div class="co-product__promo-icon-image-cntr"><button data-auto-id="btnPromo" type="button" class="asda-btn asda-btn--plain co-product__promo-icon-button" aria-label="show information on Typically fresh for 7 days"><picture class="asda-image picture"><source srcset="https://ui.assets-asda.com/dm/produce-7-days-icon?$Icon-wapp2x$=&amp;qlt=50"><img alt="Typically fresh for 7 days" class="asda-img asda-image co-product__promo-icon-img" data-auto-id="" src="https://ui.assets-asda.com/dm/produce-7-days-icon?$Icon-wapp2x$=&amp;qlt=50" loading="lazy" title="Typically fresh for 7 days"></picture></button></div></li></ul></div></ul></div><div class="co-item__col3 co-item__col3--rest-in-shelf"><div class="co-item__price-container co-item__price-container--rest-in-shelf"><span class="co-item__price-per-uom"><strong class="co-product__price"><span class="co-product__hidden-label"> now </span>£2.00</strong><p class="co-item__price-per-uom-msg"><span class="co-product__price-per-uom">(£11.11/kg)</span></p></span></div><div class="co-item__quantity-container co-item__quantity-container--rest-in-shelf"><div class="co-item__quantity-container"><div class="quantity-button"><div class="add-button-with-tooltip"><div class="tooltip-wrapper"><button data-auto-id="btnAdd" type="button" class="asda-btn asda-btn--primary asda-btn--fluid add-button" aria-label="Add item Plant Based by ASDA 10 Meat-Free Bacon Style Rashers to cart" data-di-id="di-id-bd5e14ce-b3d9e896">Add</button></div></div></div></div></div></div><div class="co-item__col4"><a class="asda-link asda-link--primary" data-auto-id="linkViewTheShelf" target="_self" href="/shelf/dietary-lifestyle/vegan/vegan-chilled-meat-alternatives/vegan-bacon-sausages/1215686355606-1215686355655-1215685771335-1215686355162" data-di-id="di-id-ae629fb-655d3a3e">View the shelf</a></div></div></div></li><li class=" co-item co-item--rest-in-shelf " style="order: 48;"><div><div class="co-product"><div class="co-item__col1 co-item__col1--rest-in-shelf"><button type="button" data-auto-id="linkProductImage" class="asda-link asda-link--primary asda-link--button" aria-disabled="false"><div class="thumbnail__image-container thumbnail__image-container--load-effect co-product__image co-product__image--rest-in-shelf co-item__image"></div></button><div class="co-item__items-container"><div class="co-item-fsl__favourites-image-container co-item__items" role="presentation" data-auto-id="favouritesAndShoppingList"><div class="context-wrapper"><button data-auto-id="" type="button" class="asda-btn asda-btn--plain asda-btn--icon co-item-fsl__favourites-button" aria-label="options for favourite shopping list" aria-expanded="false"><span role="img" data-auto-id="" class="asda-icon asda-icon--white asda-icon--regular asda-icon--rotate0 co-item-fsl__favourites-image co-item__items"><svg viewBox="0 0 35 23" xmlns="http://www.w3.org/2000/svg" xmlns:xlink="http://www.w3.org/1999/xlink" data-di-res-id="9b3b0fbb-f2e23cfb" data-di-rand="1700859408978"><defs><path id="asda_fav_list_1" d="M7.02 2C7 2.344 7 2.685 7 3h6c0-.315 0-.656-.02-1H18c1 0 2 .784 2 1.667v17.667C20 22.167 19 23 18 23H2c-1 0-2-.833-2-1.666V3.667C0 2.833 1 2 2 2h5.02zM12 2H8c0-1 1-2 2-2s2 1 2 2zM7 17v2h10v-2H7zm-4-5v2h2v-2H3zm0-5v2h2V7H3zm0 10v2h2v-2H3zm4-5v2h10v-2H7zm0-5v2h10V7H7z"></path><path id="asda_fav_list_2" d="M24 21c-1.818-1.8-10-7.65-10-12.6C14 5.7 15.818 3 19 3c2 0 4 .82 5 3.295C25 3.82 27 3 29 3c3.182 0 5 2.7 5 5.4 0 4.95-8.182 10.8-10 12.6z"></path></defs><g class="asda-icon__draw" fill="none" fill-rule="evenodd"><use fill="#3d3d3d" xlink:href="#asda_fav_list_1"></use><use class="asda-icon__draw" fill="#FFF" stroke="#3d3d3d" stroke-width="1.9" xlink:href="#asda_fav_list_2"></use></g></svg></span></button></div></div><div class="co-item__volume-container co-item__items"><span class="co-product__volume co-item__volume">230g      </span></div></div></div><div class="co-item__col2 co-item__col2--rest-in-shelf co-item__col2--has-icon-list"><div class="co-item__title-container co-item__title-container--rest-in-shelf"><h3 class="co-product__title"><a class="co-product__anchor" data-auto-id="linkProductTitle" href="/product/salmon/mowi-superior-scottish-salmon-fillets/1000383155415" data-di-id="di-id-c194c2a3-4df9cba3">MOWI Superior Scottish Salmon Fillets</a></h3></div><div class="co-item__rating-container"><button type="button" data-auto-id="linkProductRating" class="asda-link asda-link--primary asda-link--button co-product__rating" aria-disabled="false" aria-label="4 stars out of 5 based on 29 reviews, you will be taken to the reviews on clicking this" data-di-id="di-id-f9fe053c-6d778e35"><div class="rating-stars rating-stars--windows"><div class="rating-stars__stars rating-stars__stars--top" aria-hidden="true" style="width: 80%;"><span aria-hidden="true">★</span><span aria-hidden="true">★</span><span aria-hidden="true">★</span><span aria-hidden="true">★</span><span aria-hidden="true">★</span></div><div class="rating-stars__stars rating-stars__stars--bottom" aria-hidden="true"><span aria-hidden="true">☆</span><span aria-hidden="true">☆</span><span aria-hidden="true">☆</span><span aria-hidden="true">☆</span><span aria-hidden="true">☆</span></div></div><span class="co-product__review-count" aria-hidden="true">(29)</span></button></div><div class="co-item__bundled-item-count-container"></div><div class="co-item__promo-container co-item__promo-container--rest-in-shelf"></div><ul><div class="co-item__icon-list-container"><ul class="co-product__promo-icon-list co-item__promo-icon-list co-item__promo-icon-list--list-position"><li class="co-product__promo-icon-item"><div class="co-product__promo-icon-image-cntr"><button data-auto-id="btnPromo" type="button" class="asda-btn asda-btn--plain co-product__promo-icon-button" aria-label="show information on Great Taste of Scotland"><picture class="asda-image picture"><source srcset="https://ui.assets-asda.com/dm/_021_scottish?$Icon-wapp2x$=&amp;qlt=50"><img alt="Great Taste of Scotland" class="asda-img asda-image co-product__promo-icon-img" data-auto-id="" src="https://ui.assets-asda.com/dm/_021_scottish?$Icon-wapp2x$=&amp;qlt=50" loading="lazy" title="Great Taste of Scotland"></picture></button></div></li></ul></div></ul></div><div class="co-item__col3 co-item__col3--rest-in-shelf"><div class="co-item__price-container co-item__price-container--rest-in-shelf"><span class="co-item__price-per-uom"><strong class="co-product__price"><span class="co-product__hidden-label"> now </span>£5.25</strong><p class="co-item__price-per-uom-msg"><span class="co-product__price-per-uom">(£22.83/kg)</span></p></span></div><div class="co-item__quantity-container co-item__quantity-container--rest-in-shelf"><div class="co-item__quantity-container"><div class="quantity-button"><div class="add-button-with-tooltip"><div class="tooltip-wrapper"><button data-auto-id="btnAdd" type="button" class="asda-btn asda-btn--primary asda-btn--fluid add-button" aria-label="Add item MOWI Superior Scottish Salmon Fillets to cart" data-di-id="di-id-bd5e14ce-b3d9e896">Add</button></div></div></div></div></div></div><div class="co-item__col4"><a class="asda-link asda-link--primary" data-auto-id="linkViewTheShelf" target="_self" href="/aisle/meat-poultry-fish/fish-seafood/salmon/1215135760597-1215337195095-1215685901159" data-di-id="di-id-9404a7e0-69a8840c">View the shelf</a></div></div></div></li><li class=" co-item co-item--rest-in-shelf " style="order: 49;"><div><div class="co-product"><div class="co-item__col1 co-item__col1--rest-in-shelf"><button type="button" data-auto-id="linkProductImage" class="asda-link asda-link--primary asda-link--button" aria-disabled="false"><div class="thumbnail__image-container thumbnail__image-container--load-effect co-product__image co-product__image--rest-in-shelf co-item__image"></div></button><div class="co-item__items-container"><div class="co-item-fsl__favourites-image-container co-item__items" role="presentation" data-auto-id="favouritesAndShoppingList"><div class="context-wrapper"><button data-auto-id="" type="button" class="asda-btn asda-btn--plain asda-btn--icon co-item-fsl__favourites-button" aria-label="options for favourite shopping list" aria-expanded="false"><span role="img" data-auto-id="" class="asda-icon asda-icon--white asda-icon--regular asda-icon--rotate0 co-item-fsl__favourites-image co-item__items"><svg viewBox="0 0 35 23" xmlns="http://www.w3.org/2000/svg" xmlns:xlink="http://www.w3.org/1999/xlink" data-di-res-id="9b3b0fbb-e85eb71e" data-di-rand="1700859408978"><defs><path id="asda_fav_list_1" d="M7.02 2C7 2.344 7 2.685 7 3h6c0-.315 0-.656-.02-1H18c1 0 2 .784 2 1.667v17.667C20 22.167 19 23 18 23H2c-1 0-2-.833-2-1.666V3.667C0 2.833 1 2 2 2h5.02zM12 2H8c0-1 1-2 2-2s2 1 2 2zM7 17v2h10v-2H7zm-4-5v2h2v-2H3zm0-5v2h2V7H3zm0 10v2h2v-2H3zm4-5v2h10v-2H7zm0-5v2h10V7H7z"></path><path id="asda_fav_list_2" d="M24 21c-1.818-1.8-10-7.65-10-12.6C14 5.7 15.818 3 19 3c2 0 4 .82 5 3.295C25 3.82 27 3 29 3c3.182 0 5 2.7 5 5.4 0 4.95-8.182 10.8-10 12.6z"></path></defs><g class="asda-icon__draw" fill="none" fill-rule="evenodd"><use fill="#3d3d3d" xlink:href="#asda_fav_list_1"></use><use class="asda-icon__draw" fill="#FFF" stroke="#3d3d3d" stroke-width="1.9" xlink:href="#asda_fav_list_2"></use></g></svg></span></button></div></div><div class="co-item__volume-container co-item__items"><span class="co-product__volume co-item__volume">100g      </span></div></div></div><div class="co-item__col2 co-item__col2--rest-in-shelf co-item__col2--has-icon-list"><div class="co-item__title-container co-item__title-container--rest-in-shelf"><h3 class="co-product__title"><a class="co-product__anchor" data-auto-id="linkProductTitle" href="/product/salmon/mowi-superior-scottish-smoked-salmon/1000383155458" data-di-id="di-id-c194c2a3-1253556e">MOWI Superior Scottish Smoked Salmon</a></h3></div><div class="co-item__rating-container"><button type="button" data-auto-id="linkProductRating" class="asda-link asda-link--primary asda-link--button co-product__rating" aria-disabled="false" aria-label="3.5 stars out of 5 based on 10 reviews, you will be taken to the reviews on clicking this" data-di-id="di-id-f9fe053c-bef38b25"><div class="rating-stars rating-stars--windows"><div class="rating-stars__stars rating-stars__stars--top" aria-hidden="true" style="width: 70%;"><span aria-hidden="true">★</span><span aria-hidden="true">★</span><span aria-hidden="true">★</span><span aria-hidden="true">★</span><span aria-hidden="true">★</span></div><div class="rating-stars__stars rating-stars__stars--bottom" aria-hidden="true"><span aria-hidden="true">☆</span><span aria-hidden="true">☆</span><span aria-hidden="true">☆</span><span aria-hidden="true">☆</span><span aria-hidden="true">☆</span></div></div><span class="co-product__review-count" aria-hidden="true">(10)</span></button></div><div class="co-item__bundled-item-count-container"></div><div class="co-item__promo-container co-item__promo-container--rest-in-shelf"></div><ul><div class="co-item__icon-list-container"><ul class="co-product__promo-icon-list co-item__promo-icon-list co-item__promo-icon-list--list-position"><li class="co-product__promo-icon-item"><div class="co-product__promo-icon-image-cntr"><button data-auto-id="btnPromo" type="button" class="asda-btn asda-btn--plain co-product__promo-icon-button" aria-label="show information on Great Taste of Scotland"><picture class="asda-image picture"><source srcset="https://ui.assets-asda.com/dm/_021_scottish?$Icon-wapp2x$=&amp;qlt=50"><img alt="Great Taste of Scotland" class="asda-img asda-image co-product__promo-icon-img" data-auto-id="" src="https://ui.assets-asda.com/dm/_021_scottish?$Icon-wapp2x$=&amp;qlt=50" loading="lazy" title="Great Taste of Scotland"></picture></button></div></li></ul></div></ul></div><div class="co-item__col3 co-item__col3--rest-in-shelf"><div class="co-item__price-container co-item__price-container--rest-in-shelf"><span class="co-item__price-per-uom"><strong class="co-product__price"><span class="co-product__hidden-label"> now </span>£5.25</strong><p class="co-item__price-per-uom-msg"><span class="co-product__price-per-uom">(£52.50/kg)</span></p></span></div><div class="co-item__quantity-container co-item__quantity-container--rest-in-shelf"><div class="co-item__quantity-container"><div class="quantity-button"><div class="add-button-with-tooltip"><div class="tooltip-wrapper"><button data-auto-id="btnAdd" type="button" class="asda-btn asda-btn--primary asda-btn--fluid add-button" aria-label="Add item MOWI Superior Scottish Smoked Salmon to cart" data-di-id="di-id-bd5e14ce-b3d9e896">Add</button></div></div></div></div></div></div><div class="co-item__col4"><a class="asda-link asda-link--primary" data-auto-id="linkViewTheShelf" target="_self" href="/aisle/meat-poultry-fish/fish-seafood/salmon/1215135760597-1215337195095-1215685901159" data-di-id="di-id-9404a7e0-69a8840c">View the shelf</a></div></div></div></li><li class=" co-item co-item--rest-in-shelf " style="order: 50;"><div><div class="co-product"><div class="co-item__col1 co-item__col1--rest-in-shelf"><button type="button" data-auto-id="linkProductImage" class="asda-link asda-link--primary asda-link--button" aria-disabled="false"><div class="thumbnail__image-container thumbnail__image-container--load-effect co-product__image co-product__image--rest-in-shelf co-item__image"></div></button><div class="co-item__items-container"><div class="co-item-fsl__favourites-image-container co-item__items" role="presentation" data-auto-id="favouritesAndShoppingList"><div class="context-wrapper"><button data-auto-id="" type="button" class="asda-btn asda-btn--plain asda-btn--icon co-item-fsl__favourites-button" aria-label="options for favourite shopping list" aria-expanded="false"><span role="img" data-auto-id="" class="asda-icon asda-icon--white asda-icon--regular asda-icon--rotate0 co-item-fsl__favourites-image co-item__items"><svg viewBox="0 0 35 23" xmlns="http://www.w3.org/2000/svg" xmlns:xlink="http://www.w3.org/1999/xlink" data-di-res-id="dcdfb085-2fccc991" data-di-rand="1700859408980"><defs><path id="asda_fav_list_1" d="M7.02 2C7 2.344 7 2.685 7 3h6c0-.315 0-.656-.02-1H18c1 0 2 .784 2 1.667v17.667C20 22.167 19 23 18 23H2c-1 0-2-.833-2-1.666V3.667C0 2.833 1 2 2 2h5.02zM12 2H8c0-1 1-2 2-2s2 1 2 2zM7 17v2h10v-2H7zm-4-5v2h2v-2H3zm0-5v2h2V7H3zm0 10v2h2v-2H3zm4-5v2h10v-2H7zm0-5v2h10V7H7z"></path><path id="asda_fav_list_2" d="M24 21c-1.818-1.8-10-7.65-10-12.6C14 5.7 15.818 3 19 3c2 0 4 .82 5 3.295C25 3.82 27 3 29 3c3.182 0 5 2.7 5 5.4 0 4.95-8.182 10.8-10 12.6z"></path></defs><g class="asda-icon__draw" fill="none" fill-rule="evenodd"><use fill="#3d3d3d" xlink:href="#asda_fav_list_1"></use><use class="asda-icon__draw" fill="#FFF" stroke="#3d3d3d" stroke-width="1.9" xlink:href="#asda_fav_list_2"></use></g></svg></span></button></div></div><div class="co-item__volume-container co-item__items"><span class="co-product__volume co-item__volume">370g      </span></div></div><div class="link-save-banner"><a class="link-save-banner-large__anchor link-save-banner-large__anchor--hyperlink" data-auto-id="linkPromoDetail" href="/promotion/2-for-8/ls92836" data-di-id="di-id-a30e8dee-4e34d33"><div class="link-save-banner-large__meat-sticker"><span class="link-save-banner-large__config link-save-banner-large__config--block link-save-banner-large__config--font-normal link-save-banner-large__config--center link-save-banner-large__config--height-normal">Any 2 for </span><span class="link-save-banner-large__config link-save-banner-large__config--block link-save-banner-large__config--font-huge link-save-banner-large__config--up-small">£8</span><span class="link-save-banner-large__view-all">View all</span></div></a></div></div><div class="co-item__col2 co-item__col2--rest-in-shelf"><div class="co-item__title-container co-item__title-container--rest-in-shelf"><h3 class="co-product__title"><a class="co-product__anchor" data-auto-id="linkProductTitle" href="/product/gammon/asda-extra-special-oak-smoked-dry-cured-gammon-steaks/1000121694556" data-di-id="di-id-25607fb2-774e9453">ASDA Extra Special Oak Smoked Dry Cured Gammon Steaks</a></h3></div><div class="co-item__rating-container"><button type="button" data-auto-id="linkProductRating" class="asda-link asda-link--primary asda-link--button co-product__rating" aria-disabled="false" aria-label="3.69 stars out of 5 based on 42 reviews, you will be taken to the reviews on clicking this" data-di-id="di-id-f9fe053c-8a0e2b4c"><div class="rating-stars rating-stars--windows"><div class="rating-stars__stars rating-stars__stars--top" aria-hidden="true" style="width: 73.8%;"><span aria-hidden="true">★</span><span aria-hidden="true">★</span><span aria-hidden="true">★</span><span aria-hidden="true">★</span><span aria-hidden="true">★</span></div><div class="rating-stars__stars rating-stars__stars--bottom" aria-hidden="true"><span aria-hidden="true">☆</span><span aria-hidden="true">☆</span><span aria-hidden="true">☆</span><span aria-hidden="true">☆</span><span aria-hidden="true">☆</span></div></div><span class="co-product__review-count" aria-hidden="true">(42)</span></button></div><div class="co-item__bundled-item-count-container"></div><div class="co-item__promo-container co-item__promo-container--rest-in-shelf"></div><ul></ul></div><div class="co-item__col3 co-item__col3--rest-in-shelf"><div class="co-item__price-container co-item__price-container--rest-in-shelf"><span class="co-item__price-per-uom"><strong class="co-product__price"><span class="co-product__hidden-label"> now </span>£4.40</strong><p class="co-item__price-per-uom-msg"><span class="co-product__price-per-uom">(£11.89/kg)</span></p></span></div><div class="co-item__quantity-container co-item__quantity-container--rest-in-shelf"><div class="co-item__quantity-container"><div class="quantity-button"><div class="add-button-with-tooltip"><div class="tooltip-wrapper"><button data-auto-id="btnAdd" type="button" class="asda-btn asda-btn--primary asda-btn--fluid add-button" aria-label="Add item ASDA Extra Special Oak Smoked Dry Cured Gammon Steaks to cart" data-di-id="di-id-bd5e14ce-b3d9e896">Add</button></div></div></div></div></div></div><div class="co-item__col4"><a class="asda-link asda-link--primary" data-auto-id="linkViewTheShelf" target="_self" href="/shelf/meat-poultry-fish/meat-poultry/bacon-sausages-gammon/gammon/1215135760597-910000975206-910000975529-910000977100" data-di-id="di-id-f36189d6-d71e1149">View the shelf</a></div></div></div></li><li class=" co-item co-item--rest-in-shelf " style="order: 51;"><div><div class="co-product"><div class="co-item__col1 co-item__col1--rest-in-shelf"><button type="button" data-auto-id="linkProductImage" class="asda-link asda-link--primary asda-link--button" aria-disabled="false"><div class="thumbnail__image-container thumbnail__image-container--load-effect co-product__image co-product__image--rest-in-shelf co-item__image"></div></button><div class="co-item__items-container"><div class="co-item-fsl__favourites-image-container co-item__items" role="presentation" data-auto-id="favouritesAndShoppingList"><div class="context-wrapper"><button data-auto-id="" type="button" class="asda-btn asda-btn--plain asda-btn--icon co-item-fsl__favourites-button" aria-label="options for favourite shopping list" aria-expanded="false"><span role="img" data-auto-id="" class="asda-icon asda-icon--white asda-icon--regular asda-icon--rotate0 co-item-fsl__favourites-image co-item__items"><svg viewBox="0 0 35 23" xmlns="http://www.w3.org/2000/svg" xmlns:xlink="http://www.w3.org/1999/xlink" data-di-res-id="dcdfb085-4aad3fe2" data-di-rand="1700859408980"><defs><path id="asda_fav_list_1" d="M7.02 2C7 2.344 7 2.685 7 3h6c0-.315 0-.656-.02-1H18c1 0 2 .784 2 1.667v17.667C20 22.167 19 23 18 23H2c-1 0-2-.833-2-1.666V3.667C0 2.833 1 2 2 2h5.02zM12 2H8c0-1 1-2 2-2s2 1 2 2zM7 17v2h10v-2H7zm-4-5v2h2v-2H3zm0-5v2h2V7H3zm0 10v2h2v-2H3zm4-5v2h10v-2H7zm0-5v2h10V7H7z"></path><path id="asda_fav_list_2" d="M24 21c-1.818-1.8-10-7.65-10-12.6C14 5.7 15.818 3 19 3c2 0 4 .82 5 3.295C25 3.82 27 3 29 3c3.182 0 5 2.7 5 5.4 0 4.95-8.182 10.8-10 12.6z"></path></defs><g class="asda-icon__draw" fill="none" fill-rule="evenodd"><use fill="#3d3d3d" xlink:href="#asda_fav_list_1"></use><use class="asda-icon__draw" fill="#FFF" stroke="#3d3d3d" stroke-width="1.9" xlink:href="#asda_fav_list_2"></use></g></svg></span></button></div></div><div class="co-item__volume-container co-item__items"><span class="co-product__volume co-item__volume">each</span></div></div></div><div class="co-item__col2 co-item__col2--rest-in-shelf"><div class="co-item__title-container co-item__title-container--rest-in-shelf"><h3 class="co-product__title"><a class="co-product__anchor" data-auto-id="linkProductTitle" href="/product/diced-minced-pork/asda-lean-pork-mince-stock-up-bundle/9999999113233" data-di-id="di-id-d0aca660-aa8aeeda">ASDA Lean Pork Mince Stock Up Bundle</a></h3></div><div class="co-item__rating-container"></div><div class="co-item__bundled-item-count-container"><span class="co-product__bundled-item-count">Contains 1 item</span></div><div class="co-item__promo-container co-item__promo-container--rest-in-shelf"><span data-auto-id="secondaryPromoBanner" class="co-product__promo co-product__promo--bundle co-product__promo--rest-in-shelf" title="Bundle"><span class="co-product__promo-text">Bundle</span></span></div><ul></ul></div><div class="co-item__col3 co-item__col3--rest-in-shelf"><div class="co-item__price-container co-item__price-container--rest-in-shelf"><span class="co-item__price-per-uom"><strong class="co-product__price"><span class="co-product__hidden-label"> now </span>£12.00</strong><p class="co-item__price-per-uom-msg"></p></span></div><div class="co-item__quantity-container co-item__quantity-container--rest-in-shelf"><div class="co-item__quantity-container"><a class="asda-btn asda-btn--primary" data-auto-id="btnViewBundle" href="/product/diced-minced-pork/asda-lean-pork-mince-stock-up-bundle/9999999113233?origin=/search/meat-poultry-fish/products?page=2" data-di-id="di-id-ce8d7635-ba9741b">View Bundle</a></div></div></div></div></div></li><li class=" co-item co-item--rest-in-shelf " style="order: 52;"><div><div class="co-product"><div class="co-item__col1 co-item__col1--rest-in-shelf"><button type="button" data-auto-id="linkProductImage" class="asda-link asda-link--primary asda-link--button" aria-disabled="false"><div class="thumbnail__image-container thumbnail__image-container--load-effect co-product__image co-product__image--rest-in-shelf co-item__image"></div></button><div class="co-item__items-container"><div class="co-item-fsl__favourites-image-container co-item__items" role="presentation" data-auto-id="favouritesAndShoppingList"><div class="context-wrapper"><button data-auto-id="" type="button" class="asda-btn asda-btn--plain asda-btn--icon co-item-fsl__favourites-button" aria-label="options for favourite shopping list" aria-expanded="false"><span role="img" data-auto-id="" class="asda-icon asda-icon--white asda-icon--regular asda-icon--rotate0 co-item-fsl__favourites-image co-item__items"><svg viewBox="0 0 35 23" xmlns="http://www.w3.org/2000/svg" xmlns:xlink="http://www.w3.org/1999/xlink" data-di-res-id="6463d7e0-6829d02f" data-di-rand="1700859408981"><defs><path id="asda_fav_list_1" d="M7.02 2C7 2.344 7 2.685 7 3h6c0-.315 0-.656-.02-1H18c1 0 2 .784 2 1.667v17.667C20 22.167 19 23 18 23H2c-1 0-2-.833-2-1.666V3.667C0 2.833 1 2 2 2h5.02zM12 2H8c0-1 1-2 2-2s2 1 2 2zM7 17v2h10v-2H7zm-4-5v2h2v-2H3zm0-5v2h2V7H3zm0 10v2h2v-2H3zm4-5v2h10v-2H7zm0-5v2h10V7H7z"></path><path id="asda_fav_list_2" d="M24 21c-1.818-1.8-10-7.65-10-12.6C14 5.7 15.818 3 19 3c2 0 4 .82 5 3.295C25 3.82 27 3 29 3c3.182 0 5 2.7 5 5.4 0 4.95-8.182 10.8-10 12.6z"></path></defs><g class="asda-icon__draw" fill="none" fill-rule="evenodd"><use fill="#3d3d3d" xlink:href="#asda_fav_list_1"></use><use class="asda-icon__draw" fill="#FFF" stroke="#3d3d3d" stroke-width="1.9" xlink:href="#asda_fav_list_2"></use></g></svg></span></button></div></div><div class="co-item__volume-container co-item__items"><span class="co-product__volume co-item__volume">140g      </span></div></div><div class="link-save-banner"><a class="link-save-banner-large__anchor link-save-banner-large__anchor--hyperlink" data-auto-id="linkPromoDetail" href="/promotion/2-for-8/ls92836" data-di-id="di-id-a30e8dee-4e34d33"><div class="link-save-banner-large__meat-sticker"><span class="link-save-banner-large__config link-save-banner-large__config--block link-save-banner-large__config--font-normal link-save-banner-large__config--center link-save-banner-large__config--height-normal">Any 2 for </span><span class="link-save-banner-large__config link-save-banner-large__config--block link-save-banner-large__config--font-huge link-save-banner-large__config--up-small">£8</span><span class="link-save-banner-large__view-all">View all</span></div></a></div></div><div class="co-item__col2 co-item__col2--rest-in-shelf co-item__col2--has-icon-list"><div class="co-item__title-container co-item__title-container--rest-in-shelf"><h3 class="co-product__title"><a class="co-product__anchor" data-auto-id="linkProductTitle" href="/product/smoked-salmon/asda-extra-special-scottish-salmon-gravadlax/1000383157558" data-di-id="di-id-c762e7-89869a28">ASDA Extra Special Scottish Salmon Gravadlax</a></h3></div><div class="co-item__rating-container"><button type="button" data-auto-id="linkProductRating" class="asda-link asda-link--primary asda-link--button co-product__rating" aria-disabled="false" aria-label="3.16 stars out of 5 based on 19 reviews, you will be taken to the reviews on clicking this" data-di-id="di-id-f9fe053c-6f31306c"><div class="rating-stars rating-stars--windows"><div class="rating-stars__stars rating-stars__stars--top" aria-hidden="true" style="width: 63.2%;"><span aria-hidden="true">★</span><span aria-hidden="true">★</span><span aria-hidden="true">★</span><span aria-hidden="true">★</span><span aria-hidden="true">★</span></div><div class="rating-stars__stars rating-stars__stars--bottom" aria-hidden="true"><span aria-hidden="true">☆</span><span aria-hidden="true">☆</span><span aria-hidden="true">☆</span><span aria-hidden="true">☆</span><span aria-hidden="true">☆</span></div></div><span class="co-product__review-count" aria-hidden="true">(19)</span></button></div><div class="co-item__bundled-item-count-container"></div><div class="co-item__promo-container co-item__promo-container--rest-in-shelf"></div><ul><div class="co-item__icon-list-container"><ul class="co-product__promo-icon-list co-item__promo-icon-list co-item__promo-icon-list--list-position"><li class="co-product__promo-icon-item"><div class="co-product__promo-icon-image-cntr"><button data-auto-id="btnPromo" type="button" class="asda-btn asda-btn--plain co-product__promo-icon-button" aria-label="show information on Typically fresh for 10 days"><picture class="asda-image picture"><source srcset="https://ui.assets-asda.com/dm/produce-10-days-icon?$Icon-wapp2x$=&amp;qlt=50"><img alt="Typically fresh for 10 days" class="asda-img asda-image co-product__promo-icon-img" data-auto-id="" src="https://ui.assets-asda.com/dm/produce-10-days-icon?$Icon-wapp2x$=&amp;qlt=50" loading="lazy" title="Typically fresh for 10 days"></picture></button></div></li></ul></div></ul></div><div class="co-item__col3 co-item__col3--rest-in-shelf"><div class="co-item__price-container co-item__price-container--rest-in-shelf"><span class="co-item__price-per-uom"><strong class="co-product__price"><span class="co-product__hidden-label"> now </span>£5.40</strong><p class="co-item__price-per-uom-msg"><span class="co-product__price-per-uom">(£38.57/kg)</span></p></span></div><div class="co-item__quantity-container co-item__quantity-container--rest-in-shelf"><div class="co-item__quantity-container"><div class="quantity-button"><div class="add-button-with-tooltip"><div class="tooltip-wrapper"><button data-auto-id="btnAdd" type="button" class="asda-btn asda-btn--primary asda-btn--fluid add-button" aria-label="Add item ASDA Extra Special Scottish Salmon Gravadlax to cart" data-di-id="di-id-bd5e14ce-b3d9e896">Add</button></div></div></div></div></div></div><div class="co-item__col4"><a class="asda-link asda-link--primary" data-auto-id="linkViewTheShelf" target="_self" href="/aisle/meat-poultry-fish/fish-seafood/smoked-salmon/1215135760597-1215337195095-1215685901160" data-di-id="di-id-6a68b9ae-20d64b25">View the shelf</a></div></div></div></li><li class=" co-item co-item--rest-in-shelf " style="order: 53;"><div><div class="co-product"><div class="co-item__col1 co-item__col1--rest-in-shelf"><button type="button" data-auto-id="linkProductImage" class="asda-link asda-link--primary asda-link--button" aria-disabled="false"><div class="thumbnail__image-container thumbnail__image-container--load-effect co-product__image co-product__image--rest-in-shelf co-item__image"></div></button><div class="co-item__items-container"><div class="co-item-fsl__favourites-image-container co-item__items" role="presentation" data-auto-id="favouritesAndShoppingList"><div class="context-wrapper"><button data-auto-id="" type="button" class="asda-btn asda-btn--plain asda-btn--icon co-item-fsl__favourites-button" aria-label="options for favourite shopping list" aria-expanded="false"><span role="img" data-auto-id="" class="asda-icon asda-icon--white asda-icon--regular asda-icon--rotate0 co-item-fsl__favourites-image co-item__items"><svg viewBox="0 0 35 23" xmlns="http://www.w3.org/2000/svg" xmlns:xlink="http://www.w3.org/1999/xlink" data-di-res-id="6463d7e0-db7898cd" data-di-rand="1700859408981"><defs><path id="asda_fav_list_1" d="M7.02 2C7 2.344 7 2.685 7 3h6c0-.315 0-.656-.02-1H18c1 0 2 .784 2 1.667v17.667C20 22.167 19 23 18 23H2c-1 0-2-.833-2-1.666V3.667C0 2.833 1 2 2 2h5.02zM12 2H8c0-1 1-2 2-2s2 1 2 2zM7 17v2h10v-2H7zm-4-5v2h2v-2H3zm0-5v2h2V7H3zm0 10v2h2v-2H3zm4-5v2h10v-2H7zm0-5v2h10V7H7z"></path><path id="asda_fav_list_2" d="M24 21c-1.818-1.8-10-7.65-10-12.6C14 5.7 15.818 3 19 3c2 0 4 .82 5 3.295C25 3.82 27 3 29 3c3.182 0 5 2.7 5 5.4 0 4.95-8.182 10.8-10 12.6z"></path></defs><g class="asda-icon__draw" fill="none" fill-rule="evenodd"><use fill="#3d3d3d" xlink:href="#asda_fav_list_1"></use><use class="asda-icon__draw" fill="#FFF" stroke="#3d3d3d" stroke-width="1.9" xlink:href="#asda_fav_list_2"></use></g></svg></span></button></div></div><div class="co-item__volume-container co-item__items"><span class="co-product__volume co-item__volume">per kg    </span></div></div></div><div class="co-item__col2 co-item__col2--rest-in-shelf co-item__col2--has-icon-list"><div class="co-item__title-container co-item__title-container--rest-in-shelf"><h3 class="co-product__title"><a class="co-product__anchor" data-auto-id="linkProductTitle" href="/product/extra-special-pork-lamb/asda-extra-special-lamb-chump-joint-typically-370-g/1000005724143" data-di-id="di-id-eba15298-344118c5">ASDA Extra Special Lamb Chump Joint (Typically 370g)</a></h3></div><div class="co-item__rating-container"><button type="button" data-auto-id="linkProductRating" class="asda-link asda-link--primary asda-link--button co-product__rating" aria-disabled="false" aria-label="3.9 stars out of 5 based on 50+ reviews, you will be taken to the reviews on clicking this" data-di-id="di-id-f9fe053c-665ea5f8"><div class="rating-stars rating-stars--windows"><div class="rating-stars__stars rating-stars__stars--top" aria-hidden="true" style="width: 78%;"><span aria-hidden="true">★</span><span aria-hidden="true">★</span><span aria-hidden="true">★</span><span aria-hidden="true">★</span><span aria-hidden="true">★</span></div><div class="rating-stars__stars rating-stars__stars--bottom" aria-hidden="true"><span aria-hidden="true">☆</span><span aria-hidden="true">☆</span><span aria-hidden="true">☆</span><span aria-hidden="true">☆</span><span aria-hidden="true">☆</span></div></div><span class="co-product__review-count" aria-hidden="true">(50+)</span></button></div><div class="co-item__bundled-item-count-container"></div><div class="co-item__promo-container co-item__promo-container--rest-in-shelf"></div><ul><div class="co-item__icon-list-container"><ul class="co-product__promo-icon-list co-item__promo-icon-list co-item__promo-icon-list--list-position"><li class="co-product__promo-icon-item"><div class="co-product__promo-icon-image-cntr"><button data-auto-id="btnPromo" type="button" class="asda-btn asda-btn--plain co-product__promo-icon-button" aria-label="show information on Meat Management Industry Award 2023"><picture class="asda-image picture"><source srcset="https://ui.assets-asda.com/dm/_2609_MeatManagementAwards2023?$Icon-wapp2x$=&amp;qlt=50"><img alt="Meat Management Industry Award 2023" class="asda-img asda-image co-product__promo-icon-img" data-auto-id="" src="https://ui.assets-asda.com/dm/_2609_MeatManagementAwards2023?$Icon-wapp2x$=&amp;qlt=50" loading="lazy" title="Meat Management Industry Award 2023"></picture></button></div></li></ul></div></ul></div><div class="co-item__col3 co-item__col3--rest-in-shelf"><div class="co-item__price-container co-item__price-container--rest-in-shelf"><span class="co-item__price-per-uom"><strong class="co-product__price"><span class="co-product__hidden-label"> now </span>£5.36</strong><p class="co-item__price-per-uom-msg"><span class="co-product__price-per-uom">(£14.50/kg)</span></p></span></div><div class="co-item__quantity-container co-item__quantity-container--rest-in-shelf"><div class="co-item__quantity-container"><div class="quantity-button"><div class="add-button-with-tooltip"><div class="tooltip-wrapper"><button data-auto-id="btnAdd" type="button" class="asda-btn asda-btn--primary asda-btn--fluid add-button" aria-label="Add item ASDA Extra Special Lamb Chump Joint (Typically 370g) to cart" data-di-id="di-id-bd5e14ce-b3d9e896">Add</button></div></div></div></div></div></div><div class="co-item__col4"><a class="asda-link asda-link--primary" data-auto-id="linkViewTheShelf" target="_self" href="/shelf/meat-poultry-fish/meat-poultry/extra-special-meat-fish/extra-special-pork-lamb/1215135760597-910000975206-1215685061664-1215685061667" data-di-id="di-id-d5b96340-b0a52bd6">View the shelf</a></div></div></div></li><li class=" co-item co-item--rest-in-shelf " style="order: 54;"><div><div class="co-product"><div class="co-item__col1 co-item__col1--rest-in-shelf"><button type="button" data-auto-id="linkProductImage" class="asda-link asda-link--primary asda-link--button" aria-disabled="false"><div class="thumbnail__image-container thumbnail__image-container--load-effect co-product__image co-product__image--rest-in-shelf co-item__image"></div></button><div class="co-item__items-container"><div class="co-item-fsl__favourites-image-container co-item__items" role="presentation" data-auto-id="favouritesAndShoppingList"><div class="context-wrapper"><button data-auto-id="" type="button" class="asda-btn asda-btn--plain asda-btn--icon co-item-fsl__favourites-button" aria-label="options for favourite shopping list" aria-expanded="false"><span role="img" data-auto-id="" class="asda-icon asda-icon--white asda-icon--regular asda-icon--rotate0 co-item-fsl__favourites-image co-item__items"><svg viewBox="0 0 35 23" xmlns="http://www.w3.org/2000/svg" xmlns:xlink="http://www.w3.org/1999/xlink" data-di-res-id="553ee48-e99a571f" data-di-rand="1700859408982"><defs><path id="asda_fav_list_1" d="M7.02 2C7 2.344 7 2.685 7 3h6c0-.315 0-.656-.02-1H18c1 0 2 .784 2 1.667v17.667C20 22.167 19 23 18 23H2c-1 0-2-.833-2-1.666V3.667C0 2.833 1 2 2 2h5.02zM12 2H8c0-1 1-2 2-2s2 1 2 2zM7 17v2h10v-2H7zm-4-5v2h2v-2H3zm0-5v2h2V7H3zm0 10v2h2v-2H3zm4-5v2h10v-2H7zm0-5v2h10V7H7z"></path><path id="asda_fav_list_2" d="M24 21c-1.818-1.8-10-7.65-10-12.6C14 5.7 15.818 3 19 3c2 0 4 .82 5 3.295C25 3.82 27 3 29 3c3.182 0 5 2.7 5 5.4 0 4.95-8.182 10.8-10 12.6z"></path></defs><g class="asda-icon__draw" fill="none" fill-rule="evenodd"><use fill="#3d3d3d" xlink:href="#asda_fav_list_1"></use><use class="asda-icon__draw" fill="#FFF" stroke="#3d3d3d" stroke-width="1.9" xlink:href="#asda_fav_list_2"></use></g></svg></span></button></div></div><div class="co-item__volume-container co-item__items"><span class="co-product__volume co-item__volume">255g      </span></div></div></div><div class="co-item__col2 co-item__col2--rest-in-shelf co-item__col2--has-icon-list"><div class="co-item__title-container co-item__title-container--rest-in-shelf"><h3 class="co-product__title"><a class="co-product__anchor" data-auto-id="linkProductTitle" href="/product/salmon/asda-tender-2-sweet-chilli-salmon-fillets/1000196515381" data-di-id="di-id-da561fed-94106b82">ASDA Tender 2 Sweet Chilli Salmon Fillets</a></h3></div><div class="co-item__rating-container"><button type="button" data-auto-id="linkProductRating" class="asda-link asda-link--primary asda-link--button co-product__rating" aria-disabled="false" aria-label="4.08 stars out of 5 based on 36 reviews, you will be taken to the reviews on clicking this" data-di-id="di-id-f9fe053c-eb2df8cd"><div class="rating-stars rating-stars--windows"><div class="rating-stars__stars rating-stars__stars--top" aria-hidden="true" style="width: 81.6%;"><span aria-hidden="true">★</span><span aria-hidden="true">★</span><span aria-hidden="true">★</span><span aria-hidden="true">★</span><span aria-hidden="true">★</span></div><div class="rating-stars__stars rating-stars__stars--bottom" aria-hidden="true"><span aria-hidden="true">☆</span><span aria-hidden="true">☆</span><span aria-hidden="true">☆</span><span aria-hidden="true">☆</span><span aria-hidden="true">☆</span></div></div><span class="co-product__review-count" aria-hidden="true">(36)</span></button></div><div class="co-item__bundled-item-count-container"></div><div class="co-item__promo-container co-item__promo-container--rest-in-shelf"></div><ul><div class="co-item__icon-list-container"><ul class="co-product__promo-icon-list co-item__promo-icon-list co-item__promo-icon-list--list-position"><li class="co-product__promo-icon-item"><div class="co-product__promo-icon-image-cntr"><button data-auto-id="btnPromo" type="button" class="asda-btn asda-btn--plain co-product__promo-icon-button" aria-label="show information on Typically fresh for 3 days"><picture class="asda-image picture"><source srcset="https://ui.assets-asda.com/dm/produce-3-days-icon?$Icon-wapp2x$=&amp;qlt=50"><img alt="Typically fresh for 3 days" class="asda-img asda-image co-product__promo-icon-img" data-auto-id="" src="https://ui.assets-asda.com/dm/produce-3-days-icon?$Icon-wapp2x$=&amp;qlt=50" loading="lazy" title="Typically fresh for 3 days"></picture></button></div></li></ul></div></ul></div><div class="co-item__col3 co-item__col3--rest-in-shelf"><div class="co-item__price-container co-item__price-container--rest-in-shelf"><span class="co-item__price-per-uom"><strong class="co-product__price"><span class="co-product__hidden-label"> now </span>£5.30</strong><p class="co-item__price-per-uom-msg"><span class="co-product__price-per-uom">(£20.78/kg)</span></p></span></div><div class="co-item__quantity-container co-item__quantity-container--rest-in-shelf"><div class="co-item__quantity-container"><div class="quantity-button"><div class="add-button-with-tooltip"><div class="tooltip-wrapper"><button data-auto-id="btnAdd" type="button" class="asda-btn asda-btn--primary asda-btn--fluid add-button" aria-label="Add item ASDA Tender 2 Sweet Chilli Salmon Fillets to cart" data-di-id="di-id-bd5e14ce-b3d9e896">Add</button></div></div></div></div></div></div><div class="co-item__col4"><a class="asda-link asda-link--primary" data-auto-id="linkViewTheShelf" target="_self" href="/aisle/meat-poultry-fish/fish-seafood/salmon/1215135760597-1215337195095-1215685901159" data-di-id="di-id-9404a7e0-69a8840c">View the shelf</a></div></div></div></li><li class=" co-item co-item--rest-in-shelf " style="order: 55;"><div><div class="co-product"><div class="co-item__col1 co-item__col1--rest-in-shelf"><button type="button" data-auto-id="linkProductImage" class="asda-link asda-link--primary asda-link--button" aria-disabled="false"><div class="thumbnail__image-container thumbnail__image-container--load-effect co-product__image co-product__image--rest-in-shelf co-item__image"></div></button><div class="co-item__items-container"><div class="co-item-fsl__favourites-image-container co-item__items" role="presentation" data-auto-id="favouritesAndShoppingList"><div class="context-wrapper"><button data-auto-id="" type="button" class="asda-btn asda-btn--plain asda-btn--icon co-item-fsl__favourites-button" aria-label="options for favourite shopping list" aria-expanded="false"><span role="img" data-auto-id="" class="asda-icon asda-icon--white asda-icon--regular asda-icon--rotate0 co-item-fsl__favourites-image co-item__items"><svg viewBox="0 0 35 23" xmlns="http://www.w3.org/2000/svg" xmlns:xlink="http://www.w3.org/1999/xlink" data-di-res-id="ce6a1f6b-b0119cdb" data-di-rand="1700859408983"><defs><path id="asda_fav_list_1" d="M7.02 2C7 2.344 7 2.685 7 3h6c0-.315 0-.656-.02-1H18c1 0 2 .784 2 1.667v17.667C20 22.167 19 23 18 23H2c-1 0-2-.833-2-1.666V3.667C0 2.833 1 2 2 2h5.02zM12 2H8c0-1 1-2 2-2s2 1 2 2zM7 17v2h10v-2H7zm-4-5v2h2v-2H3zm0-5v2h2V7H3zm0 10v2h2v-2H3zm4-5v2h10v-2H7zm0-5v2h10V7H7z"></path><path id="asda_fav_list_2" d="M24 21c-1.818-1.8-10-7.65-10-12.6C14 5.7 15.818 3 19 3c2 0 4 .82 5 3.295C25 3.82 27 3 29 3c3.182 0 5 2.7 5 5.4 0 4.95-8.182 10.8-10 12.6z"></path></defs><g class="asda-icon__draw" fill="none" fill-rule="evenodd"><use fill="#3d3d3d" xlink:href="#asda_fav_list_1"></use><use class="asda-icon__draw" fill="#FFF" stroke="#3d3d3d" stroke-width="1.9" xlink:href="#asda_fav_list_2"></use></g></svg></span></button></div></div><div class="co-item__volume-container co-item__items"><span class="co-product__volume co-item__volume">each</span></div></div></div><div class="co-item__col2 co-item__col2--rest-in-shelf co-item__col2--has-icon-list"><div class="co-item__title-container co-item__title-container--rest-in-shelf"><h3 class="co-product__title"><a class="co-product__anchor" data-auto-id="linkProductTitle" href="/product/chicken-breasts/shazans-halal-chicken-breast-fillets-stock-up-bundle/9999999113109" data-di-id="di-id-8a261c0e-a5470d57">Shazans Halal Chicken Breast Fillets Stock up Bundle</a></h3></div><div class="co-item__rating-container"></div><div class="co-item__bundled-item-count-container"><span class="co-product__bundled-item-count">Contains 1 item</span></div><div class="co-item__promo-container co-item__promo-container--rest-in-shelf"><span data-auto-id="secondaryPromoBanner" class="co-product__promo co-product__promo--bundle co-product__promo--rest-in-shelf" title="Bundle"><span class="co-product__promo-text">Bundle</span></span></div><ul><div class="co-item__icon-list-container"><ul class="co-product__promo-icon-list co-item__promo-icon-list co-item__promo-icon-list--list-position"><li class="co-product__promo-icon-item"><div class="co-product__promo-icon-image-cntr"><button data-auto-id="btnPromo" type="button" class="asda-btn asda-btn--plain co-product__promo-icon-button" aria-label="show information on Halal"><picture class="asda-image picture"><source srcset="https://ui.assets-asda.com/dm/icon_text?$text=Halal&amp;$Icon-wapp2x$=&amp;qlt=50"><img alt="Halal" class="asda-img asda-image co-product__promo-icon-img" data-auto-id="" src="https://ui.assets-asda.com/dm/icon_text?$text=Halal&amp;$Icon-wapp2x$=&amp;qlt=50" loading="lazy" title="Halal"></picture></button></div></li></ul></div></ul></div><div class="co-item__col3 co-item__col3--rest-in-shelf"><div class="co-item__price-container co-item__price-container--rest-in-shelf"><span class="co-item__price-per-uom"><strong class="co-product__price"><span class="co-product__hidden-label"> now </span>£16.00</strong><p class="co-item__price-per-uom-msg"></p></span></div><div class="co-item__quantity-container co-item__quantity-container--rest-in-shelf"><div class="co-item__quantity-container"><a class="asda-btn asda-btn--primary" data-auto-id="btnViewBundle" href="/product/chicken-breasts/shazans-halal-chicken-breast-fillets-stock-up-bundle/9999999113109?origin=/search/meat-poultry-fish/products?page=2" data-di-id="di-id-7e0598a2-177539cc">View Bundle</a></div></div></div></div></div></li><li class=" co-item co-item--rest-in-shelf " style="order: 56;"><div><div class="co-product"><div class="co-item__col1 co-item__col1--rest-in-shelf"><button type="button" data-auto-id="linkProductImage" class="asda-link asda-link--primary asda-link--button" aria-disabled="false"><div class="thumbnail__image-container thumbnail__image-container--load-effect co-product__image co-product__image--rest-in-shelf co-item__image"></div></button><div class="co-item__items-container"><div class="co-item-fsl__favourites-image-container co-item__items" role="presentation" data-auto-id="favouritesAndShoppingList"><div class="context-wrapper"><button data-auto-id="" type="button" class="asda-btn asda-btn--plain asda-btn--icon co-item-fsl__favourites-button" aria-label="options for favourite shopping list" aria-expanded="false"><span role="img" data-auto-id="" class="asda-icon asda-icon--white asda-icon--regular asda-icon--rotate0 co-item-fsl__favourites-image co-item__items"><svg viewBox="0 0 35 23" xmlns="http://www.w3.org/2000/svg" xmlns:xlink="http://www.w3.org/1999/xlink" data-di-res-id="ce6a1f6b-521bfad7" data-di-rand="1700859408983"><defs><path id="asda_fav_list_1" d="M7.02 2C7 2.344 7 2.685 7 3h6c0-.315 0-.656-.02-1H18c1 0 2 .784 2 1.667v17.667C20 22.167 19 23 18 23H2c-1 0-2-.833-2-1.666V3.667C0 2.833 1 2 2 2h5.02zM12 2H8c0-1 1-2 2-2s2 1 2 2zM7 17v2h10v-2H7zm-4-5v2h2v-2H3zm0-5v2h2V7H3zm0 10v2h2v-2H3zm4-5v2h10v-2H7zm0-5v2h10V7H7z"></path><path id="asda_fav_list_2" d="M24 21c-1.818-1.8-10-7.65-10-12.6C14 5.7 15.818 3 19 3c2 0 4 .82 5 3.295C25 3.82 27 3 29 3c3.182 0 5 2.7 5 5.4 0 4.95-8.182 10.8-10 12.6z"></path></defs><g class="asda-icon__draw" fill="none" fill-rule="evenodd"><use fill="#3d3d3d" xlink:href="#asda_fav_list_1"></use><use class="asda-icon__draw" fill="#FFF" stroke="#3d3d3d" stroke-width="1.9" xlink:href="#asda_fav_list_2"></use></g></svg></span></button></div></div><div class="co-item__volume-container co-item__items"><span class="co-product__volume co-item__volume">240g      </span></div></div></div><div class="co-item__col2 co-item__col2--rest-in-shelf co-item__col2--has-icon-list"><div class="co-item__title-container co-item__title-container--rest-in-shelf"><h3 class="co-product__title"><a class="co-product__anchor" data-auto-id="linkProductTitle" href="/product/salmon/asda-extra-special-2-lightly-smoked-scottish-salmon-fillets/1373421" data-di-id="di-id-25607fb2-62f96a98">ASDA Extra Special 2 Lightly Smoked Scottish Salmon Fillets</a></h3></div><div class="co-item__rating-container"><button type="button" data-auto-id="linkProductRating" class="asda-link asda-link--primary asda-link--button co-product__rating" aria-disabled="false" aria-label="4.44 stars out of 5 based on 50+ reviews, you will be taken to the reviews on clicking this" data-di-id="di-id-f9fe053c-665ea5f8"><div class="rating-stars rating-stars--windows"><div class="rating-stars__stars rating-stars__stars--top" aria-hidden="true" style="width: 88.8%;"><span aria-hidden="true">★</span><span aria-hidden="true">★</span><span aria-hidden="true">★</span><span aria-hidden="true">★</span><span aria-hidden="true">★</span></div><div class="rating-stars__stars rating-stars__stars--bottom" aria-hidden="true"><span aria-hidden="true">☆</span><span aria-hidden="true">☆</span><span aria-hidden="true">☆</span><span aria-hidden="true">☆</span><span aria-hidden="true">☆</span></div></div><span class="co-product__review-count" aria-hidden="true">(50+)</span></button></div><div class="co-item__bundled-item-count-container"></div><div class="co-item__promo-container co-item__promo-container--rest-in-shelf"></div><ul><div class="co-item__icon-list-container"><ul class="co-product__promo-icon-list co-item__promo-icon-list co-item__promo-icon-list--list-position"><li class="co-product__promo-icon-item"><div class="co-product__promo-icon-image-cntr"><button data-auto-id="btnPromo" type="button" class="asda-btn asda-btn--plain co-product__promo-icon-button" aria-label="show information on Typically fresh for 3 days"><picture class="asda-image picture"><source srcset="https://ui.assets-asda.com/dm/produce-3-days-icon?$Icon-wapp2x$=&amp;qlt=50"><img alt="Typically fresh for 3 days" class="asda-img asda-image co-product__promo-icon-img" data-auto-id="" src="https://ui.assets-asda.com/dm/produce-3-days-icon?$Icon-wapp2x$=&amp;qlt=50" loading="lazy" title="Typically fresh for 3 days"></picture></button></div></li></ul></div></ul></div><div class="co-item__col3 co-item__col3--rest-in-shelf"><div class="co-item__price-container co-item__price-container--rest-in-shelf"><span class="co-item__price-per-uom"><strong class="co-product__price"><span class="co-product__hidden-label"> now </span>£6.25</strong><p class="co-item__price-per-uom-msg"><span class="co-product__price-per-uom">(£26.04/kg)</span></p></span></div><div class="co-item__quantity-container co-item__quantity-container--rest-in-shelf"><div class="co-item__quantity-container"><div class="quantity-button"><div class="add-button-with-tooltip"><div class="tooltip-wrapper"><button data-auto-id="btnAdd" type="button" class="asda-btn asda-btn--primary asda-btn--fluid add-button" aria-label="Add item ASDA Extra Special 2 Lightly Smoked Scottish Salmon Fillets to cart" data-di-id="di-id-bd5e14ce-b3d9e896">Add</button></div></div></div></div></div></div><div class="co-item__col4"><a class="asda-link asda-link--primary" data-auto-id="linkViewTheShelf" target="_self" href="/aisle/meat-poultry-fish/fish-seafood/salmon/1215135760597-1215337195095-1215685901159" data-di-id="di-id-9404a7e0-69a8840c">View the shelf</a></div></div></div></li><li class=" co-item co-item--rest-in-shelf " style="order: 57;"><div><div class="co-product"><div class="co-item__col1 co-item__col1--rest-in-shelf"><button type="button" data-auto-id="linkProductImage" class="asda-link asda-link--primary asda-link--button" aria-disabled="false"><div class="thumbnail__image-container thumbnail__image-container--load-effect co-product__image co-product__image--rest-in-shelf co-item__image"></div></button><div class="co-item__items-container"><div class="co-item-fsl__favourites-image-container co-item__items" role="presentation" data-auto-id="favouritesAndShoppingList"><div class="context-wrapper"><button data-auto-id="" type="button" class="asda-btn asda-btn--plain asda-btn--icon co-item-fsl__favourites-button" aria-label="options for favourite shopping list" aria-expanded="false"><span role="img" data-auto-id="" class="asda-icon asda-icon--white asda-icon--regular asda-icon--rotate0 co-item-fsl__favourites-image co-item__items"><svg viewBox="0 0 35 23" xmlns="http://www.w3.org/2000/svg" xmlns:xlink="http://www.w3.org/1999/xlink" data-di-res-id="53bd27d2-ca5b0cb7" data-di-rand="1700859408984"><defs><path id="asda_fav_list_1" d="M7.02 2C7 2.344 7 2.685 7 3h6c0-.315 0-.656-.02-1H18c1 0 2 .784 2 1.667v17.667C20 22.167 19 23 18 23H2c-1 0-2-.833-2-1.666V3.667C0 2.833 1 2 2 2h5.02zM12 2H8c0-1 1-2 2-2s2 1 2 2zM7 17v2h10v-2H7zm-4-5v2h2v-2H3zm0-5v2h2V7H3zm0 10v2h2v-2H3zm4-5v2h10v-2H7zm0-5v2h10V7H7z"></path><path id="asda_fav_list_2" d="M24 21c-1.818-1.8-10-7.65-10-12.6C14 5.7 15.818 3 19 3c2 0 4 .82 5 3.295C25 3.82 27 3 29 3c3.182 0 5 2.7 5 5.4 0 4.95-8.182 10.8-10 12.6z"></path></defs><g class="asda-icon__draw" fill="none" fill-rule="evenodd"><use fill="#3d3d3d" xlink:href="#asda_fav_list_1"></use><use class="asda-icon__draw" fill="#FFF" stroke="#3d3d3d" stroke-width="1.9" xlink:href="#asda_fav_list_2"></use></g></svg></span></button></div></div><div class="co-item__volume-container co-item__items"><span class="co-product__volume co-item__volume">2x350g    </span></div></div><div class="link-save-banner"><a class="link-save-banner-large__anchor link-save-banner-large__anchor--hyperlink" data-auto-id="linkPromoDetail" href="/promotion/2-for-8/ls92836" data-di-id="di-id-a30e8dee-4e34d33"><div class="link-save-banner-large__meat-sticker"><span class="link-save-banner-large__config link-save-banner-large__config--block link-save-banner-large__config--font-normal link-save-banner-large__config--center link-save-banner-large__config--height-normal">Any 2 for </span><span class="link-save-banner-large__config link-save-banner-large__config--block link-save-banner-large__config--font-huge link-save-banner-large__config--up-small">£8</span><span class="link-save-banner-large__view-all">View all</span></div></a></div></div><div class="co-item__col2 co-item__col2--rest-in-shelf"><div class="co-item__title-container co-item__title-container--rest-in-shelf"><h3 class="co-product__title"><a class="co-product__anchor" data-auto-id="linkProductTitle" href="/product/bacon/asda-24-delicious-unsmoked-back-bacon-rashers/1000383157980" data-di-id="di-id-c3dae7b7-d4033a78">ASDA 24 Delicious Unsmoked Back Bacon Rashers  </a></h3></div><div class="co-item__rating-container"><button type="button" data-auto-id="linkProductRating" class="asda-link asda-link--primary asda-link--button co-product__rating" aria-disabled="false" aria-label="3.85 stars out of 5 based on 50+ reviews, you will be taken to the reviews on clicking this" data-di-id="di-id-f9fe053c-665ea5f8"><div class="rating-stars rating-stars--windows"><div class="rating-stars__stars rating-stars__stars--top" aria-hidden="true" style="width: 77%;"><span aria-hidden="true">★</span><span aria-hidden="true">★</span><span aria-hidden="true">★</span><span aria-hidden="true">★</span><span aria-hidden="true">★</span></div><div class="rating-stars__stars rating-stars__stars--bottom" aria-hidden="true"><span aria-hidden="true">☆</span><span aria-hidden="true">☆</span><span aria-hidden="true">☆</span><span aria-hidden="true">☆</span><span aria-hidden="true">☆</span></div></div><span class="co-product__review-count" aria-hidden="true">(50+)</span></button></div><div class="co-item__bundled-item-count-container"></div><div class="co-item__promo-container co-item__promo-container--rest-in-shelf"></div><ul></ul></div><div class="co-item__col3 co-item__col3--rest-in-shelf"><div class="co-item__price-container co-item__price-container--rest-in-shelf"><span class="co-item__price-per-uom"><strong class="co-product__price"><span class="co-product__hidden-label"> now </span>£4.50</strong><p class="co-item__price-per-uom-msg"><span class="co-product__price-per-uom">(£6.43/kg)</span></p></span></div><div class="co-item__quantity-container co-item__quantity-container--rest-in-shelf"><div class="co-item__quantity-container"><div class="quantity-button"><div class="add-button-with-tooltip"><div class="tooltip-wrapper"><button data-auto-id="btnAdd" type="button" class="asda-btn asda-btn--primary asda-btn--fluid add-button" aria-label="Add item ASDA 24 Delicious Unsmoked Back Bacon Rashers   to cart" data-di-id="di-id-bd5e14ce-b3d9e896">Add</button></div></div></div></div></div></div><div class="co-item__col4"><a class="asda-link asda-link--primary" data-auto-id="linkViewTheShelf" target="_self" href="/shelf/meat-poultry-fish/meat-poultry/bacon-sausages-gammon/bacon/1215135760597-910000975206-910000975529-1215684161143" data-di-id="di-id-f36189d6-372588df">View the shelf</a></div></div></div></li><li class=" co-item co-item--rest-in-shelf " style="order: 58;"><div><div class="co-product"><div class="co-item__col1 co-item__col1--rest-in-shelf"><button type="button" data-auto-id="linkProductImage" class="asda-link asda-link--primary asda-link--button" aria-disabled="false"><div class="thumbnail__image-container thumbnail__image-container--load-effect co-product__image co-product__image--rest-in-shelf co-item__image"></div></button><div class="co-item__items-container"><div class="co-item-fsl__favourites-image-container co-item__items" role="presentation" data-auto-id="favouritesAndShoppingList"><div class="context-wrapper"><button data-auto-id="" type="button" class="asda-btn asda-btn--plain asda-btn--icon co-item-fsl__favourites-button" aria-label="options for favourite shopping list" aria-expanded="false"><span role="img" data-auto-id="" class="asda-icon asda-icon--white asda-icon--regular asda-icon--rotate0 co-item-fsl__favourites-image co-item__items"><svg viewBox="0 0 35 23" xmlns="http://www.w3.org/2000/svg" xmlns:xlink="http://www.w3.org/1999/xlink" data-di-res-id="eb0140b7-75f5856b" data-di-rand="1700859408985"><defs><path id="asda_fav_list_1" d="M7.02 2C7 2.344 7 2.685 7 3h6c0-.315 0-.656-.02-1H18c1 0 2 .784 2 1.667v17.667C20 22.167 19 23 18 23H2c-1 0-2-.833-2-1.666V3.667C0 2.833 1 2 2 2h5.02zM12 2H8c0-1 1-2 2-2s2 1 2 2zM7 17v2h10v-2H7zm-4-5v2h2v-2H3zm0-5v2h2V7H3zm0 10v2h2v-2H3zm4-5v2h10v-2H7zm0-5v2h10V7H7z"></path><path id="asda_fav_list_2" d="M24 21c-1.818-1.8-10-7.65-10-12.6C14 5.7 15.818 3 19 3c2 0 4 .82 5 3.295C25 3.82 27 3 29 3c3.182 0 5 2.7 5 5.4 0 4.95-8.182 10.8-10 12.6z"></path></defs><g class="asda-icon__draw" fill="none" fill-rule="evenodd"><use fill="#3d3d3d" xlink:href="#asda_fav_list_1"></use><use class="asda-icon__draw" fill="#FFF" stroke="#3d3d3d" stroke-width="1.9" xlink:href="#asda_fav_list_2"></use></g></svg></span></button></div></div><div class="co-item__volume-container co-item__items"><span class="co-product__volume co-item__volume">2x350g    </span></div></div><div class="link-save-banner"><a class="link-save-banner-large__anchor link-save-banner-large__anchor--hyperlink" data-auto-id="linkPromoDetail" href="/promotion/2-for-8/ls92836" data-di-id="di-id-a30e8dee-4e34d33"><div class="link-save-banner-large__meat-sticker"><span class="link-save-banner-large__config link-save-banner-large__config--block link-save-banner-large__config--font-normal link-save-banner-large__config--center link-save-banner-large__config--height-normal">Any 2 for </span><span class="link-save-banner-large__config link-save-banner-large__config--block link-save-banner-large__config--font-huge link-save-banner-large__config--up-small">£8</span><span class="link-save-banner-large__view-all">View all</span></div></a></div></div><div class="co-item__col2 co-item__col2--rest-in-shelf"><div class="co-item__title-container co-item__title-container--rest-in-shelf"><h3 class="co-product__title"><a class="co-product__anchor" data-auto-id="linkProductTitle" href="/product/bacon/asda-24-flavoursome-smoked-back-bacon-rashers/1000383158192" data-di-id="di-id-c3dae7b7-513be14b">ASDA 24 Flavoursome Smoked Back Bacon Rashers</a></h3></div><div class="co-item__rating-container"><button type="button" data-auto-id="linkProductRating" class="asda-link asda-link--primary asda-link--button co-product__rating" aria-disabled="false" aria-label="3.98 stars out of 5 based on 50+ reviews, you will be taken to the reviews on clicking this" data-di-id="di-id-f9fe053c-665ea5f8"><div class="rating-stars rating-stars--windows"><div class="rating-stars__stars rating-stars__stars--top" aria-hidden="true" style="width: 79.6%;"><span aria-hidden="true">★</span><span aria-hidden="true">★</span><span aria-hidden="true">★</span><span aria-hidden="true">★</span><span aria-hidden="true">★</span></div><div class="rating-stars__stars rating-stars__stars--bottom" aria-hidden="true"><span aria-hidden="true">☆</span><span aria-hidden="true">☆</span><span aria-hidden="true">☆</span><span aria-hidden="true">☆</span><span aria-hidden="true">☆</span></div></div><span class="co-product__review-count" aria-hidden="true">(50+)</span></button></div><div class="co-item__bundled-item-count-container"></div><div class="co-item__promo-container co-item__promo-container--rest-in-shelf"></div><ul></ul></div><div class="co-item__col3 co-item__col3--rest-in-shelf"><div class="co-item__price-container co-item__price-container--rest-in-shelf"><span class="co-item__price-per-uom"><strong class="co-product__price"><span class="co-product__hidden-label"> now </span>£4.50</strong><p class="co-item__price-per-uom-msg"><span class="co-product__price-per-uom">(£6.43/kg)</span></p></span></div><div class="co-item__quantity-container co-item__quantity-container--rest-in-shelf"><div class="co-item__quantity-container"><div class="quantity-button"><div class="add-button-with-tooltip"><div class="tooltip-wrapper"><button data-auto-id="btnAdd" type="button" class="asda-btn asda-btn--primary asda-btn--fluid add-button" aria-label="Add item ASDA 24 Flavoursome Smoked Back Bacon Rashers to cart" data-di-id="di-id-bd5e14ce-b3d9e896">Add</button></div></div></div></div></div></div><div class="co-item__col4"><a class="asda-link asda-link--primary" data-auto-id="linkViewTheShelf" target="_self" href="/shelf/meat-poultry-fish/meat-poultry/bacon-sausages-gammon/bacon/1215135760597-910000975206-910000975529-1215684161143" data-di-id="di-id-f36189d6-372588df">View the shelf</a></div></div></div></li><li class=" co-item co-item--rest-in-shelf " style="order: 59;"><div><div class="co-product"><div class="co-item__col1 co-item__col1--rest-in-shelf"><button type="button" data-auto-id="linkProductImage" class="asda-link asda-link--primary asda-link--button" aria-disabled="false"><div class="thumbnail__image-container thumbnail__image-container--load-effect co-product__image co-product__image--rest-in-shelf co-item__image"></div></button><div class="co-item__items-container"><div class="co-item-fsl__favourites-image-container co-item__items" role="presentation" data-auto-id="favouritesAndShoppingList"><div class="context-wrapper"><button data-auto-id="" type="button" class="asda-btn asda-btn--plain asda-btn--icon co-item-fsl__favourites-button" aria-label="options for favourite shopping list" aria-expanded="false"><span role="img" data-auto-id="" class="asda-icon asda-icon--white asda-icon--regular asda-icon--rotate0 co-item-fsl__favourites-image co-item__items"><svg viewBox="0 0 35 23" xmlns="http://www.w3.org/2000/svg" xmlns:xlink="http://www.w3.org/1999/xlink" data-di-res-id="eb0140b7-4d6b9ad5" data-di-rand="1700859408985"><defs><path id="asda_fav_list_1" d="M7.02 2C7 2.344 7 2.685 7 3h6c0-.315 0-.656-.02-1H18c1 0 2 .784 2 1.667v17.667C20 22.167 19 23 18 23H2c-1 0-2-.833-2-1.666V3.667C0 2.833 1 2 2 2h5.02zM12 2H8c0-1 1-2 2-2s2 1 2 2zM7 17v2h10v-2H7zm-4-5v2h2v-2H3zm0-5v2h2V7H3zm0 10v2h2v-2H3zm4-5v2h10v-2H7zm0-5v2h10V7H7z"></path><path id="asda_fav_list_2" d="M24 21c-1.818-1.8-10-7.65-10-12.6C14 5.7 15.818 3 19 3c2 0 4 .82 5 3.295C25 3.82 27 3 29 3c3.182 0 5 2.7 5 5.4 0 4.95-8.182 10.8-10 12.6z"></path></defs><g class="asda-icon__draw" fill="none" fill-rule="evenodd"><use fill="#3d3d3d" xlink:href="#asda_fav_list_1"></use><use class="asda-icon__draw" fill="#FFF" stroke="#3d3d3d" stroke-width="1.9" xlink:href="#asda_fav_list_2"></use></g></svg></span></button></div></div><div class="co-item__volume-container co-item__items"><span class="co-product__volume co-item__volume">240g      </span></div></div><div class="link-save-banner"><a class="link-save-banner-large__anchor link-save-banner-large__anchor--hyperlink" data-auto-id="linkPromoDetail" href="/promotion/2-for-5/ls92436" data-di-id="di-id-a30e8dee-a87ed35"><div class="link-save-banner-large__meat-sticker"><span class="link-save-banner-large__config link-save-banner-large__config--block link-save-banner-large__config--font-normal link-save-banner-large__config--center link-save-banner-large__config--height-normal">Any 2 for </span><span class="link-save-banner-large__config link-save-banner-large__config--block link-save-banner-large__config--font-huge link-save-banner-large__config--up-small">£5</span><span class="link-save-banner-large__view-all">View all</span></div></a></div></div><div class="co-item__col2 co-item__col2--rest-in-shelf"><div class="co-item__title-container co-item__title-container--rest-in-shelf"><h3 class="co-product__title"><a class="co-product__anchor" data-auto-id="linkProductTitle" href="/product/bacon/asda-extra-special-8-unsmoked-british-bacon-wiltshire-cured/1000383110389" data-di-id="di-id-4cbf925a-b394a8a4">ASDA Extra Special 8 Unsmoked British Bacon Wiltshire Cured</a></h3></div><div class="co-item__rating-container"><button type="button" data-auto-id="linkProductRating" class="asda-link asda-link--primary asda-link--button co-product__rating" aria-disabled="false" aria-label="3.87 stars out of 5 based on 30 reviews, you will be taken to the reviews on clicking this" data-di-id="di-id-f9fe053c-bd775f4b"><div class="rating-stars rating-stars--windows"><div class="rating-stars__stars rating-stars__stars--top" aria-hidden="true" style="width: 77.4%;"><span aria-hidden="true">★</span><span aria-hidden="true">★</span><span aria-hidden="true">★</span><span aria-hidden="true">★</span><span aria-hidden="true">★</span></div><div class="rating-stars__stars rating-stars__stars--bottom" aria-hidden="true"><span aria-hidden="true">☆</span><span aria-hidden="true">☆</span><span aria-hidden="true">☆</span><span aria-hidden="true">☆</span><span aria-hidden="true">☆</span></div></div><span class="co-product__review-count" aria-hidden="true">(30)</span></button></div><div class="co-item__bundled-item-count-container"></div><div class="co-item__promo-container co-item__promo-container--rest-in-shelf"></div><ul></ul></div><div class="co-item__col3 co-item__col3--rest-in-shelf"><div class="co-item__price-container co-item__price-container--rest-in-shelf"><span class="co-item__price-per-uom"><strong class="co-product__price"><span class="co-product__hidden-label"> now </span>£3.25</strong><p class="co-item__price-per-uom-msg"><span class="co-product__price-per-uom">(£13.54/kg)</span></p></span></div><div class="co-item__quantity-container co-item__quantity-container--rest-in-shelf"><div class="co-item__quantity-container"><div class="quantity-button"><div class="add-button-with-tooltip"><div class="tooltip-wrapper"><button data-auto-id="btnAdd" type="button" class="asda-btn asda-btn--primary asda-btn--fluid add-button" aria-label="Add item ASDA Extra Special 8 Unsmoked British Bacon Wiltshire Cured to cart" data-di-id="di-id-bd5e14ce-b3d9e896">Add</button></div></div></div></div></div></div><div class="co-item__col4"><a class="asda-link asda-link--primary" data-auto-id="linkViewTheShelf" target="_self" href="/shelf/meat-poultry-fish/meat-poultry/bacon-sausages-gammon/bacon/1215135760597-910000975206-910000975529-1215684161143" data-di-id="di-id-f36189d6-372588df">View the shelf</a></div></div></div></li></ul></div><div class="search-pagination"><div class="search-pagination__item-count" aria-label="Showing 61 - 120 items of 976" role="text"><div class="search-pagination__count-pretext" aria-hidden="true">Showing:</div><div class="search-pagination__counts" aria-hidden="true"><span class="search-pagination__count-text search-pagination__count-text--first">61</span> - <span class="search-pagination__count-text search-pagination__count-text--last">120</span> of <span class="search-pagination__count-text search-pagination__count-text--total">976</span> items</div></div><div class="co-pagination"><span class="co-pagination__text co-pagination__text--left">&nbsp;Page&nbsp;</span><div class="co-dropdown co-pagination"><select name="" class="co-dropdown__select co-pagination__select"><option value="1" class="co-dropdown__option" aria-label="page 1 of results">1</option><option value="2" class="co-dropdown__option" aria-label="page 2 of results">2</option><option value="3" class="co-dropdown__option" aria-label="page 3 of results">3</option><option value="4" class="co-dropdown__option" aria-label="page 4 of results">4</option><option value="5" class="co-dropdown__option" aria-label="page 5 of results">5</option><option value="6" class="co-dropdown__option" aria-label="page 6 of results">6</option><option value="7" class="co-dropdown__option" aria-label="page 7 of results">7</option><option value="8" class="co-dropdown__option" aria-label="page 8 of results">8</option><option value="9" class="co-dropdown__option" aria-label="page 9 of results">9</option><option value="10" class="co-dropdown__option" aria-label="page 10 of results">10</option><option value="11" class="co-dropdown__option" aria-label="page 11 of results">11</option><option value="12" class="co-dropdown__option" aria-label="page 12 of results">12</option><option value="13" class="co-dropdown__option" aria-label="page 13 of results">13</option><option value="14" class="co-dropdown__option" aria-label="page 14 of results">14</option><option value="15" class="co-dropdown__option" aria-label="page 15 of results">15</option><option value="16" class="co-dropdown__option" aria-label="page 16 of results">16</option><option value="17" class="co-dropdown__option" aria-label="page 17 of results">17</option></select><span aria-hidden="true" role="img" data-auto-id="" class="asda-icon asda-icon--charcoal asda-icon--small asda-icon--rotate0 co-dropdown__caret co-pagination__caret"><svg viewBox="0 0 32 32" xmlns="http://www.w3.org/2000/svg" data-di-res-id="f9b4ef59-5540b12b" data-di-rand="1700859408986"><path d="M10.546 12h10.91c.462 0 .714.565.418.937l-5.454 6.857a.53.53 0 01-.838 0l-5.455-6.857c-.296-.372-.043-.937.42-.937z" fill="#3d3d3d" class="asda-icon__draw"></path></svg></span></div><span class="co-pagination__text co-pagination__text--center">&nbsp;of&nbsp;</span><div class="co-pagination__max-page"><a data-auto-id="linkPagination" href="/search/meat-poultry-fish/products?page=17" target="_self" class="asda-link asda-link--primary co-pagination__last-page" aria-label="page 17 of 976 results" data-di-id="di-id-c65b136d-dc70598">17</a></div><span class="co-pagination__text co-pagination__text--divider"> | </span><a data-auto-id="btnleft" href="/search/meat-poultry-fish/products?page=1" class="asda-btn asda-btn--clear co-pagination__arrow co-pagination__arrow--left" target="_self" aria-label="go back to previous page of results" aria-disabled="false" tabindex="0" data-ss-variation-applied="10" data-ssmid="7868832" data-ss-metric-name="Clicks_steaming-click-1699526250334" data-di-id="di-id-c0e6095f-b11da47a"><span role="img" data-auto-id="" class="asda-icon asda-icon--charcoal asda-icon--small asda-icon--rotate90"><svg viewBox="0 0 32 32" xmlns="http://www.w3.org/2000/svg" data-di-res-id="f9b4ef59-62dbdbe6" data-di-rand="1700859408986"><path d="M16.46 19.339l9.193-9.193a.5.5 0 01.707 0l.707.708a.5.5 0 010 .707l-9.546 9.546a2 2 0 01-2.829 0L5.146 11.56a.5.5 0 010-.707l.708-.708a.5.5 0 01.707 0l9.192 9.193a.5.5 0 00.707 0z" fill="#3d3d3d" class="asda-icon__draw" fill-rule="evenodd"></path></svg></span></a><a data-auto-id="btnright" href="/search/meat-poultry-fish/products?page=3" class="asda-btn asda-btn--clear co-pagination__arrow co-pagination__arrow--right" target="_self" aria-label="go to next page of results" aria-disabled="false" tabindex="0" data-di-id="di-id-c0e6095f-b2997014"><span role="img" data-auto-id="" class="asda-icon asda-icon--charcoal asda-icon--small asda-icon--rotate270"><svg viewBox="0 0 32 32" xmlns="http://www.w3.org/2000/svg" data-di-res-id="f9b4ef59-f4ada347" data-di-rand="1700859408986"><path d="M16.46 19.339l9.193-9.193a.5.5 0 01.707 0l.707.708a.5.5 0 010 .707l-9.546 9.546a2 2 0 01-2.829 0L5.146 11.56a.5.5 0 010-.707l.708-.708a.5.5 0 01.707 0l9.192 9.193a.5.5 0 00.707 0z" fill="#3d3d3d" class="asda-icon__draw" fill-rule="evenodd"></path></svg></span></a></div></div></div></div></div></div><div class="cms-modules cms-modules--invisible"><div class="iab-banner " id="iabBanner1700859408047" data-module="RMP Criteo IAB Middle Search" data-module-name="RMP Criteo IAB Middle Search" data-module-id="a51bf873-181b-4358-a90c-fb081d1f3dac" data-module-type="Banner"></div></div><div class="cms-modules cms-modules--invisible"><div class=" co-product-list" data-type="personalized-recommendation" data-module-id="38489a98-7c05-47a6-b560-41f1cdb35667" data-module-name="P13N Search - MAB Test - Horizontal Optimization - Current" data-module-type="ProductListingP13N" data-module="P13N Search - MAB Test - Horizontal Optimization - Current"><header class="co-product-list__header"><h3 class="co-product-list__title">Customers who searched for meat-poultry-fish also considered</h3></header><ul class=" co-product-list__main-cntr" data-ss-variation-applied="11"><li class=" co-item " style="order: 0;"><div><div class="co-product"><div class="co-item__col1"><button type="button" data-auto-id="linkProductImage" class="asda-link asda-link--primary asda-link--button" aria-disabled="false"><div class="thumbnail__image-container thumbnail__image-container--load-effect co-product__image co-item__image"></div></button><div class="co-item__items-container"><div class="co-item-fsl__favourites-image-container co-item__items" role="presentation" data-auto-id="favouritesAndShoppingList"><div class="context-wrapper"><button data-auto-id="" type="button" class="asda-btn asda-btn--plain asda-btn--icon co-item-fsl__favourites-button" aria-label="options for favourite shopping list" aria-expanded="false"><span role="img" data-auto-id="" class="asda-icon asda-icon--white asda-icon--regular asda-icon--rotate0 co-item-fsl__favourites-image co-item__items"><svg viewBox="0 0 35 23" xmlns="http://www.w3.org/2000/svg" xmlns:xlink="http://www.w3.org/1999/xlink" data-di-res-id="aafc80a5-9b43348b" data-di-rand="1700859411706"><defs><path id="asda_fav_list_1" d="M7.02 2C7 2.344 7 2.685 7 3h6c0-.315 0-.656-.02-1H18c1 0 2 .784 2 1.667v17.667C20 22.167 19 23 18 23H2c-1 0-2-.833-2-1.666V3.667C0 2.833 1 2 2 2h5.02zM12 2H8c0-1 1-2 2-2s2 1 2 2zM7 17v2h10v-2H7zm-4-5v2h2v-2H3zm0-5v2h2V7H3zm0 10v2h2v-2H3zm4-5v2h10v-2H7zm0-5v2h10V7H7z"></path><path id="asda_fav_list_2" d="M24 21c-1.818-1.8-10-7.65-10-12.6C14 5.7 15.818 3 19 3c2 0 4 .82 5 3.295C25 3.82 27 3 29 3c3.182 0 5 2.7 5 5.4 0 4.95-8.182 10.8-10 12.6z"></path></defs><g class="asda-icon__draw" fill="none" fill-rule="evenodd"><use fill="#3d3d3d" xlink:href="#asda_fav_list_1"></use><use class="asda-icon__draw" fill="#FFF" stroke="#3d3d3d" stroke-width="1.9" xlink:href="#asda_fav_list_2"></use></g></svg></span></button></div></div><div class="co-item__volume-container co-item__items"><span class="co-product__volume co-item__volume">16pk      </span></div></div></div><div class="co-item__col2"><div class="co-item__title-container"><h3 class="co-product__title"><a class="co-product__anchor" data-auto-id="linkProductTitle" href="/product/paracetamol/asda-paracetamol-500-mg-caplets/23342" data-di-id="di-id-86bf5644-c099e930">ASDA Paracetamol 500mg Caplets</a></h3></div><div class="co-item__rating-container"><button type="button" data-auto-id="linkProductRating" class="asda-link asda-link--primary asda-link--button co-product__rating" aria-disabled="false" aria-label="4.65 stars out of 5 based on 50+ reviews, you will be taken to the reviews on clicking this" data-di-id="di-id-fa864280-dd91acc4"><div class="rating-stars rating-stars--windows"><div class="rating-stars__stars rating-stars__stars--top" aria-hidden="true" style="width: 93%;"><span aria-hidden="true">★</span><span aria-hidden="true">★</span><span aria-hidden="true">★</span><span aria-hidden="true">★</span><span aria-hidden="true">★</span></div><div class="rating-stars__stars rating-stars__stars--bottom" aria-hidden="true"><span aria-hidden="true">☆</span><span aria-hidden="true">☆</span><span aria-hidden="true">☆</span><span aria-hidden="true">☆</span><span aria-hidden="true">☆</span></div></div><span class="co-product__review-count" aria-hidden="true">(50+)</span></button></div><div class="co-item__bundled-item-count-container"></div><div class="co-item__promo-container"></div><ul></ul></div><div class="co-item__col3"><div class="co-item__price-container"><span class="co-item__price-per-uom"><strong class="co-product__price"><span class="co-product__hidden-label"> now </span>£0.45</strong><p class="co-item__price-per-uom-msg"><span class="co-product__price-per-uom">(2.8p/each)</span></p></span></div><div class="co-item__quantity-container"><div class="co-item__quantity-container"><div class="quantity-button"><div class="add-button-with-tooltip"><div class="tooltip-wrapper"><button data-auto-id="btnAdd" type="button" class="asda-btn asda-btn--primary asda-btn--fluid add-button" aria-label="Add item ASDA Paracetamol 500mg Caplets to cart" data-di-id="di-id-f6d57bd6-9f33f257">Add</button></div></div></div></div></div></div></div></div></li><li class=" co-item " style="order: 1;"><div><div class="co-product"><div class="co-item__col1"><button type="button" data-auto-id="linkProductImage" class="asda-link asda-link--primary asda-link--button" aria-disabled="false"><div class="thumbnail__image-container thumbnail__image-container--load-effect co-product__image co-item__image"></div></button><div class="co-item__items-container"><div class="co-item-fsl__favourites-image-container co-item__items" role="presentation" data-auto-id="favouritesAndShoppingList"><div class="context-wrapper"><button data-auto-id="" type="button" class="asda-btn asda-btn--plain asda-btn--icon co-item-fsl__favourites-button" aria-label="options for favourite shopping list" aria-expanded="false"><span role="img" data-auto-id="" class="asda-icon asda-icon--white asda-icon--regular asda-icon--rotate0 co-item-fsl__favourites-image co-item__items"><svg viewBox="0 0 35 23" xmlns="http://www.w3.org/2000/svg" xmlns:xlink="http://www.w3.org/1999/xlink" data-di-res-id="aafc80a5-c305620a" data-di-rand="1700859411706"><defs><path id="asda_fav_list_1" d="M7.02 2C7 2.344 7 2.685 7 3h6c0-.315 0-.656-.02-1H18c1 0 2 .784 2 1.667v17.667C20 22.167 19 23 18 23H2c-1 0-2-.833-2-1.666V3.667C0 2.833 1 2 2 2h5.02zM12 2H8c0-1 1-2 2-2s2 1 2 2zM7 17v2h10v-2H7zm-4-5v2h2v-2H3zm0-5v2h2V7H3zm0 10v2h2v-2H3zm4-5v2h10v-2H7zm0-5v2h10V7H7z"></path><path id="asda_fav_list_2" d="M24 21c-1.818-1.8-10-7.65-10-12.6C14 5.7 15.818 3 19 3c2 0 4 .82 5 3.295C25 3.82 27 3 29 3c3.182 0 5 2.7 5 5.4 0 4.95-8.182 10.8-10 12.6z"></path></defs><g class="asda-icon__draw" fill="none" fill-rule="evenodd"><use fill="#3d3d3d" xlink:href="#asda_fav_list_1"></use><use class="asda-icon__draw" fill="#FFF" stroke="#3d3d3d" stroke-width="1.9" xlink:href="#asda_fav_list_2"></use></g></svg></span></button></div></div><div class="co-item__volume-container co-item__items"><span class="co-product__volume co-item__volume">7pk       </span></div></div></div><div class="co-item__col2 co-item__col2--has-icon-list"><div class="co-item__title-container"><h3 class="co-product__title"><a class="co-product__anchor" data-auto-id="linkProductTitle" href="/product/bananas/asda-7-sweet-creamy-bananas/1000197472184" data-di-id="di-id-86bf5644-7af63751">ASDA 7 Sweet &amp; Creamy Bananas</a></h3></div><div class="co-item__rating-container"><button type="button" data-auto-id="linkProductRating" class="asda-link asda-link--primary asda-link--button co-product__rating" aria-disabled="false" aria-label="3.66 stars out of 5 based on 50+ reviews, you will be taken to the reviews on clicking this" data-di-id="di-id-fa864280-dd91acc4"><div class="rating-stars rating-stars--windows"><div class="rating-stars__stars rating-stars__stars--top" aria-hidden="true" style="width: 73.2%;"><span aria-hidden="true">★</span><span aria-hidden="true">★</span><span aria-hidden="true">★</span><span aria-hidden="true">★</span><span aria-hidden="true">★</span></div><div class="rating-stars__stars rating-stars__stars--bottom" aria-hidden="true"><span aria-hidden="true">☆</span><span aria-hidden="true">☆</span><span aria-hidden="true">☆</span><span aria-hidden="true">☆</span><span aria-hidden="true">☆</span></div></div><span class="co-product__review-count" aria-hidden="true">(50+)</span></button></div><div class="co-item__bundled-item-count-container"></div><div class="co-item__promo-container"></div><ul><div class="co-item__icon-list-container"><ul class="co-product__promo-icon-list co-item__promo-icon-list co-item__promo-icon-list--list-position"><li class="co-product__promo-icon-item"><div class="co-product__promo-icon-image-cntr"><button data-auto-id="btnPromo" type="button" class="asda-btn asda-btn--plain co-product__promo-icon-button" aria-label="show information on Rainforest Alliance"><picture class="asda-image picture"><source srcset="https://ui.assets-asda.com/dm/Rainforest-Alliance-Seal-Icon?$Icon-wapp$=&amp;$Icon-wapp$=&amp;$Icon-wapp2x$=&amp;$Icon-wapp2x$=&amp;qlt=50"><img alt="Rainforest Alliance" class="asda-img asda-image co-product__promo-icon-img" data-auto-id="" src="https://ui.assets-asda.com/dm/Rainforest-Alliance-Seal-Icon?$Icon-wapp$=&amp;$Icon-wapp$=&amp;$Icon-wapp2x$=&amp;$Icon-wapp2x$=&amp;qlt=50" loading="lazy" title="Rainforest Alliance"></picture></button></div></li></ul></div></ul></div><div class="co-item__col3"><div class="co-item__price-container"><span class="co-item__price-per-uom"><strong class="co-product__price"><span class="co-product__hidden-label"> now </span>£1.09</strong><p class="co-item__price-per-uom-msg"><span class="co-product__price-per-uom">(15.6p/each)</span></p></span></div><div class="co-item__quantity-container"><div class="co-item__quantity-container"><div class="quantity-button"><div class="add-button-with-tooltip"><div class="tooltip-wrapper"><button data-auto-id="btnAdd" type="button" class="asda-btn asda-btn--primary asda-btn--fluid add-button" aria-label="Add item ASDA 7 Sweet &amp; Creamy Bananas to cart" data-di-id="di-id-f6d57bd6-9f33f257">Add</button></div></div></div></div></div></div></div></div></li><li class=" co-item " style="order: 2;"><div><div class="co-product"><div class="co-item__col1"><button type="button" data-auto-id="linkProductImage" class="asda-link asda-link--primary asda-link--button" aria-disabled="false"><div class="thumbnail__image-container thumbnail__image-container--load-effect co-product__image co-item__image"></div></button><div class="co-item__items-container"><div class="co-item-fsl__favourites-image-container co-item__items" role="presentation" data-auto-id="favouritesAndShoppingList"><div class="context-wrapper"><button data-auto-id="" type="button" class="asda-btn asda-btn--plain asda-btn--icon co-item-fsl__favourites-button" aria-label="options for favourite shopping list" aria-expanded="false"><span role="img" data-auto-id="" class="asda-icon asda-icon--white asda-icon--regular asda-icon--rotate0 co-item-fsl__favourites-image co-item__items"><svg viewBox="0 0 35 23" xmlns="http://www.w3.org/2000/svg" xmlns:xlink="http://www.w3.org/1999/xlink" data-di-res-id="1240e7c0-13ed3446" data-di-rand="1700859411707"><defs><path id="asda_fav_list_1" d="M7.02 2C7 2.344 7 2.685 7 3h6c0-.315 0-.656-.02-1H18c1 0 2 .784 2 1.667v17.667C20 22.167 19 23 18 23H2c-1 0-2-.833-2-1.666V3.667C0 2.833 1 2 2 2h5.02zM12 2H8c0-1 1-2 2-2s2 1 2 2zM7 17v2h10v-2H7zm-4-5v2h2v-2H3zm0-5v2h2V7H3zm0 10v2h2v-2H3zm4-5v2h10v-2H7zm0-5v2h10V7H7z"></path><path id="asda_fav_list_2" d="M24 21c-1.818-1.8-10-7.65-10-12.6C14 5.7 15.818 3 19 3c2 0 4 .82 5 3.295C25 3.82 27 3 29 3c3.182 0 5 2.7 5 5.4 0 4.95-8.182 10.8-10 12.6z"></path></defs><g class="asda-icon__draw" fill="none" fill-rule="evenodd"><use fill="#3d3d3d" xlink:href="#asda_fav_list_1"></use><use class="asda-icon__draw" fill="#FFF" stroke="#3d3d3d" stroke-width="1.9" xlink:href="#asda_fav_list_2"></use></g></svg></span></button></div></div><div class="co-item__volume-container co-item__items"><span class="co-product__volume co-item__volume">200mg     </span></div></div></div><div class="co-item__col2"><div class="co-item__title-container"><h3 class="co-product__title"><a class="co-product__anchor" data-auto-id="linkProductTitle" href="/product/ibuprofen/asda-ibuprofen-200-mg-caplets-16-pack/425732" data-di-id="di-id-4c92274e-504285fa">ASDA Ibuprofen 200mg Caplets 16 Pack</a></h3></div><div class="co-item__rating-container"><button type="button" data-auto-id="linkProductRating" class="asda-link asda-link--primary asda-link--button co-product__rating" aria-disabled="false" aria-label="4.81 stars out of 5 based on 50+ reviews, you will be taken to the reviews on clicking this" data-di-id="di-id-fa864280-dd91acc4"><div class="rating-stars rating-stars--windows"><div class="rating-stars__stars rating-stars__stars--top" aria-hidden="true" style="width: 96.2%;"><span aria-hidden="true">★</span><span aria-hidden="true">★</span><span aria-hidden="true">★</span><span aria-hidden="true">★</span><span aria-hidden="true">★</span></div><div class="rating-stars__stars rating-stars__stars--bottom" aria-hidden="true"><span aria-hidden="true">☆</span><span aria-hidden="true">☆</span><span aria-hidden="true">☆</span><span aria-hidden="true">☆</span><span aria-hidden="true">☆</span></div></div><span class="co-product__review-count" aria-hidden="true">(50+)</span></button></div><div class="co-item__bundled-item-count-container"></div><div class="co-item__promo-container"></div><ul></ul></div><div class="co-item__col3"><div class="co-item__price-container"><span class="co-item__price-per-uom"><strong class="co-product__price"><span class="co-product__hidden-label"> now </span>£0.45</strong><p class="co-item__price-per-uom-msg"><span class="co-product__price-per-uom">(2.8p/each)</span></p></span></div><div class="co-item__quantity-container"><div class="co-item__quantity-container"><div class="quantity-button"><div class="add-button-with-tooltip"><div class="tooltip-wrapper"><button data-auto-id="btnAdd" type="button" class="asda-btn asda-btn--primary asda-btn--fluid add-button" aria-label="Add item ASDA Ibuprofen 200mg Caplets 16 Pack to cart" data-di-id="di-id-f6d57bd6-9f33f257">Add</button></div></div></div></div></div></div></div></div></li><li class=" co-item " style="order: 3;"><div><div class="co-product"><div class="co-item__col1"><button type="button" data-auto-id="linkProductImage" class="asda-link asda-link--primary asda-link--button" aria-disabled="false"><div class="thumbnail__image-container thumbnail__image-container--load-effect co-product__image co-item__image"></div></button><div class="co-item__items-container"><div class="co-item-fsl__favourites-image-container co-item__items" role="presentation" data-auto-id="favouritesAndShoppingList"><div class="context-wrapper"><button data-auto-id="" type="button" class="asda-btn asda-btn--plain asda-btn--icon co-item-fsl__favourites-button" aria-label="options for favourite shopping list" aria-expanded="false"><span role="img" data-auto-id="" class="asda-icon asda-icon--white asda-icon--regular asda-icon--rotate0 co-item-fsl__favourites-image co-item__items"><svg viewBox="0 0 35 23" xmlns="http://www.w3.org/2000/svg" xmlns:xlink="http://www.w3.org/1999/xlink" data-di-res-id="4a23f796-4264a641" data-di-rand="1700859411708"><defs><path id="asda_fav_list_1" d="M7.02 2C7 2.344 7 2.685 7 3h6c0-.315 0-.656-.02-1H18c1 0 2 .784 2 1.667v17.667C20 22.167 19 23 18 23H2c-1 0-2-.833-2-1.666V3.667C0 2.833 1 2 2 2h5.02zM12 2H8c0-1 1-2 2-2s2 1 2 2zM7 17v2h10v-2H7zm-4-5v2h2v-2H3zm0-5v2h2V7H3zm0 10v2h2v-2H3zm4-5v2h10v-2H7zm0-5v2h10V7H7z"></path><path id="asda_fav_list_2" d="M24 21c-1.818-1.8-10-7.65-10-12.6C14 5.7 15.818 3 19 3c2 0 4 .82 5 3.295C25 3.82 27 3 29 3c3.182 0 5 2.7 5 5.4 0 4.95-8.182 10.8-10 12.6z"></path></defs><g class="asda-icon__draw" fill="none" fill-rule="evenodd"><use fill="#3d3d3d" xlink:href="#asda_fav_list_1"></use><use class="asda-icon__draw" fill="#FFF" stroke="#3d3d3d" stroke-width="1.9" xlink:href="#asda_fav_list_2"></use></g></svg></span></button></div></div><div class="co-item__volume-container co-item__items"><span class="co-product__volume co-item__volume">4 pint    </span></div></div></div><div class="co-item__col2 co-item__col2--has-icon-list"><div class="co-item__title-container"><h3 class="co-product__title"><a class="co-product__anchor" data-auto-id="linkProductTitle" href="/product/semi-skimmed-milk/asda-semi-skimmed-milk/20504" data-di-id="di-id-e7e62b53-5ae20d6a">ASDA Semi Skimmed Milk</a></h3></div><div class="co-item__rating-container"><button type="button" data-auto-id="linkProductRating" class="asda-link asda-link--primary asda-link--button co-product__rating" aria-disabled="false" aria-label="4.2 stars out of 5 based on 50+ reviews, you will be taken to the reviews on clicking this" data-di-id="di-id-fa864280-dd91acc4"><div class="rating-stars rating-stars--windows"><div class="rating-stars__stars rating-stars__stars--top" aria-hidden="true" style="width: 84%;"><span aria-hidden="true">★</span><span aria-hidden="true">★</span><span aria-hidden="true">★</span><span aria-hidden="true">★</span><span aria-hidden="true">★</span></div><div class="rating-stars__stars rating-stars__stars--bottom" aria-hidden="true"><span aria-hidden="true">☆</span><span aria-hidden="true">☆</span><span aria-hidden="true">☆</span><span aria-hidden="true">☆</span><span aria-hidden="true">☆</span></div></div><span class="co-product__review-count" aria-hidden="true">(50+)</span></button></div><div class="co-item__bundled-item-count-container"></div><div class="co-item__promo-container"></div><ul><div class="co-item__icon-list-container"><ul class="co-product__promo-icon-list co-item__promo-icon-list co-item__promo-icon-list--list-position"><li class="co-product__promo-icon-item"><div class="co-product__promo-icon-image-cntr"><button data-auto-id="btnPromo" type="button" class="asda-btn asda-btn--plain co-product__promo-icon-button" aria-label="show information on Live Better"><picture class="asda-image picture"><source srcset="https://ui.assets-asda.com/dm/_923_LiveBetter?$Icon-wapp$=&amp;$Icon-wapp2x$=&amp;qlt=50"><img alt="Live Better" class="asda-img asda-image co-product__promo-icon-img" data-auto-id="" src="https://ui.assets-asda.com/dm/_923_LiveBetter?$Icon-wapp$=&amp;$Icon-wapp2x$=&amp;qlt=50" loading="lazy" title="Live Better"></picture></button></div></li></ul></div></ul></div><div class="co-item__col3"><div class="co-item__price-container"><span class="co-item__price-per-uom"><strong class="co-product__price"><span class="co-product__hidden-label"> now </span>£1.45</strong><p class="co-item__price-per-uom-msg"><span class="co-product__price-per-uom">(63.8p/lt)</span></p></span></div><div class="co-item__quantity-container"><div class="co-item__quantity-container"><div class="quantity-button"><div class="add-button-with-tooltip"><div class="tooltip-wrapper"><button data-auto-id="btnAdd" type="button" class="asda-btn asda-btn--primary asda-btn--fluid add-button" aria-label="Add item ASDA Semi Skimmed Milk to cart" data-di-id="di-id-f6d57bd6-9f33f257">Add</button></div></div></div></div></div></div></div></div></li><li class=" co-item " style="order: 4;"><div><div class="co-product"><div class="co-item__col1"><button type="button" data-auto-id="linkProductImage" class="asda-link asda-link--primary asda-link--button" aria-disabled="false"><div class="thumbnail__image-container thumbnail__image-container--load-effect co-product__image co-item__image"></div></button><div class="co-item__items-container"><div class="co-item-fsl__favourites-image-container co-item__items" role="presentation" data-auto-id="favouritesAndShoppingList"><div class="context-wrapper"><button data-auto-id="" type="button" class="asda-btn asda-btn--plain asda-btn--icon co-item-fsl__favourites-button" aria-label="options for favourite shopping list" aria-expanded="false"><span role="img" data-auto-id="" class="asda-icon asda-icon--white asda-icon--regular asda-icon--rotate0 co-item-fsl__favourites-image co-item__items"><svg viewBox="0 0 35 23" xmlns="http://www.w3.org/2000/svg" xmlns:xlink="http://www.w3.org/1999/xlink" data-di-res-id="4a23f796-4971cde7" data-di-rand="1700859411708"><defs><path id="asda_fav_list_1" d="M7.02 2C7 2.344 7 2.685 7 3h6c0-.315 0-.656-.02-1H18c1 0 2 .784 2 1.667v17.667C20 22.167 19 23 18 23H2c-1 0-2-.833-2-1.666V3.667C0 2.833 1 2 2 2h5.02zM12 2H8c0-1 1-2 2-2s2 1 2 2zM7 17v2h10v-2H7zm-4-5v2h2v-2H3zm0-5v2h2V7H3zm0 10v2h2v-2H3zm4-5v2h10v-2H7zm0-5v2h10V7H7z"></path><path id="asda_fav_list_2" d="M24 21c-1.818-1.8-10-7.65-10-12.6C14 5.7 15.818 3 19 3c2 0 4 .82 5 3.295C25 3.82 27 3 29 3c3.182 0 5 2.7 5 5.4 0 4.95-8.182 10.8-10 12.6z"></path></defs><g class="asda-icon__draw" fill="none" fill-rule="evenodd"><use fill="#3d3d3d" xlink:href="#asda_fav_list_1"></use><use class="asda-icon__draw" fill="#FFF" stroke="#3d3d3d" stroke-width="1.9" xlink:href="#asda_fav_list_2"></use></g></svg></span></button></div></div><div class="co-item__volume-container co-item__items"><span class="co-product__volume co-item__volume">2roll     </span></div></div></div><div class="co-item__col2"><div class="co-item__title-container"><h3 class="co-product__title"><a class="co-product__anchor" data-auto-id="linkProductTitle" href="/product/view-all-kitchen-roll/asda-shades-everyday-kitchen-roll/1000018796219" data-di-id="di-id-c27f5df3-798ef3fd">ASDA Shades Everyday Kitchen Roll</a></h3></div><div class="co-item__rating-container"><button type="button" data-auto-id="linkProductRating" class="asda-link asda-link--primary asda-link--button co-product__rating" aria-disabled="false" aria-label="4.22 stars out of 5 based on 50+ reviews, you will be taken to the reviews on clicking this" data-di-id="di-id-fa864280-dd91acc4"><div class="rating-stars rating-stars--windows"><div class="rating-stars__stars rating-stars__stars--top" aria-hidden="true" style="width: 84.4%;"><span aria-hidden="true">★</span><span aria-hidden="true">★</span><span aria-hidden="true">★</span><span aria-hidden="true">★</span><span aria-hidden="true">★</span></div><div class="rating-stars__stars rating-stars__stars--bottom" aria-hidden="true"><span aria-hidden="true">☆</span><span aria-hidden="true">☆</span><span aria-hidden="true">☆</span><span aria-hidden="true">☆</span><span aria-hidden="true">☆</span></div></div><span class="co-product__review-count" aria-hidden="true">(50+)</span></button></div><div class="co-item__bundled-item-count-container"></div><div class="co-item__promo-container"></div><ul></ul></div><div class="co-item__col3"><div class="co-item__price-container"><span class="co-item__price-per-uom"><strong class="co-product__price"><span class="co-product__hidden-label"> now </span>£2.60</strong><p class="co-item__price-per-uom-msg"><span class="co-product__price-per-uom">(£1.30/each)</span></p></span></div><div class="co-item__quantity-container"><div class="co-item__quantity-container"><div class="quantity-button"><div class="add-button-with-tooltip"><div class="tooltip-wrapper"><button data-auto-id="btnAdd" type="button" class="asda-btn asda-btn--primary asda-btn--fluid add-button" aria-label="Add item ASDA Shades Everyday Kitchen Roll to cart" data-di-id="di-id-f6d57bd6-9f33f257">Add</button></div></div></div></div></div></div></div></div></li><li class=" co-item " style="order: 5;"><div><div class="co-product"><div class="co-item__col1"><button type="button" data-auto-id="linkProductImage" class="asda-link asda-link--primary asda-link--button" aria-disabled="false"><div class="thumbnail__image-container thumbnail__image-container--load-effect co-product__image co-item__image"></div></button><div class="co-item__items-container"><div class="co-item-fsl__favourites-image-container co-item__items" role="presentation" data-auto-id="favouritesAndShoppingList"><div class="context-wrapper"><button data-auto-id="" type="button" class="asda-btn asda-btn--plain asda-btn--icon co-item-fsl__favourites-button" aria-label="options for favourite shopping list" aria-expanded="false"><span role="img" data-auto-id="" class="asda-icon asda-icon--white asda-icon--regular asda-icon--rotate0 co-item-fsl__favourites-image co-item__items"><svg viewBox="0 0 35 23" xmlns="http://www.w3.org/2000/svg" xmlns:xlink="http://www.w3.org/1999/xlink" data-di-res-id="4a23f796-8a48a0c0" data-di-rand="1700859411709"><defs><path id="asda_fav_list_1" d="M7.02 2C7 2.344 7 2.685 7 3h6c0-.315 0-.656-.02-1H18c1 0 2 .784 2 1.667v17.667C20 22.167 19 23 18 23H2c-1 0-2-.833-2-1.666V3.667C0 2.833 1 2 2 2h5.02zM12 2H8c0-1 1-2 2-2s2 1 2 2zM7 17v2h10v-2H7zm-4-5v2h2v-2H3zm0-5v2h2V7H3zm0 10v2h2v-2H3zm4-5v2h10v-2H7zm0-5v2h10V7H7z"></path><path id="asda_fav_list_2" d="M24 21c-1.818-1.8-10-7.65-10-12.6C14 5.7 15.818 3 19 3c2 0 4 .82 5 3.295C25 3.82 27 3 29 3c3.182 0 5 2.7 5 5.4 0 4.95-8.182 10.8-10 12.6z"></path></defs><g class="asda-icon__draw" fill="none" fill-rule="evenodd"><use fill="#3d3d3d" xlink:href="#asda_fav_list_1"></use><use class="asda-icon__draw" fill="#FFF" stroke="#3d3d3d" stroke-width="1.9" xlink:href="#asda_fav_list_2"></use></g></svg></span></button></div></div><div class="co-item__volume-container co-item__items"><span class="co-product__volume co-item__volume">500g      </span></div></div></div><div class="co-item__col2"><div class="co-item__title-container"><h3 class="co-product__title"><a class="co-product__anchor" data-auto-id="linkProductTitle" href="/product/oranges-easy-peelers/asda-garden-gang-super-easy-peelers/1000144509223" data-di-id="di-id-c27f5df3-5fecc3ca">ASDA Garden Gang Super Easy Peelers</a></h3></div><div class="co-item__rating-container"><button type="button" data-auto-id="linkProductRating" class="asda-link asda-link--primary asda-link--button co-product__rating" aria-disabled="false" aria-label="2.86 stars out of 5 based on 50+ reviews, you will be taken to the reviews on clicking this" data-di-id="di-id-fa864280-dd91acc4"><div class="rating-stars rating-stars--windows"><div class="rating-stars__stars rating-stars__stars--top" aria-hidden="true" style="width: 57.2%;"><span aria-hidden="true">★</span><span aria-hidden="true">★</span><span aria-hidden="true">★</span><span aria-hidden="true">★</span><span aria-hidden="true">★</span></div><div class="rating-stars__stars rating-stars__stars--bottom" aria-hidden="true"><span aria-hidden="true">☆</span><span aria-hidden="true">☆</span><span aria-hidden="true">☆</span><span aria-hidden="true">☆</span><span aria-hidden="true">☆</span></div></div><span class="co-product__review-count" aria-hidden="true">(50+)</span></button></div><div class="co-item__bundled-item-count-container"></div><div class="co-item__promo-container"></div><ul></ul></div><div class="co-item__col3"><div class="co-item__price-container"><span class="co-item__price-per-uom"><strong class="co-product__price"><span class="co-product__hidden-label"> now </span>£0.95</strong><p class="co-item__price-per-uom-msg"><span class="co-product__price-per-uom">(£1.90/kg)</span></p></span></div><div class="co-item__quantity-container"><div class="co-item__quantity-container"><div class="quantity-button"><div class="add-button-with-tooltip"><div class="tooltip-wrapper"><button data-auto-id="btnAdd" type="button" class="asda-btn asda-btn--primary asda-btn--fluid add-button" aria-label="Add item ASDA Garden Gang Super Easy Peelers to cart" data-di-id="di-id-f6d57bd6-9f33f257">Add</button></div></div></div></div></div></div></div></div></li></ul></div></div><div class="cms-modules cms-modules--invisible"><div></div></div><div class="cms-modules cms-modules--invisible"><div class="iab-banner " id="iabBanner1700859408051" data-module="RMP Criteo IAB Bottom Search" data-module-name="RMP Criteo IAB Bottom Search" data-module-id="fd130925-d7c6-4077-bfa0-8e44d5c8e543" data-module-type="Banner"></div></div><div class="cms-modules cms-modules--invisible"></div></main><aside class="aside"><div class="aside__content" style=""><div class="aside__child-content"></div><div class="cms-modules cms-modules--invisible"><div class="iab-banner " id="iabBannerMiniTrolley1700859425426" data-module="231123_MiniTrolley_1_Christmas_ASDAMilkCh" data-module-name="231123_MiniTrolley_1_Christmas_ASDAMilkCh" data-module-id="99545296-edc2-4701-bab5-f9aa13437536" data-module-type="Banner"></div></div></div></aside></section><footer role="contentinfo" class="footer"><div class="footer__back-to-top-container"><button data-auto-id="btnBackToTop" type="button" class="asda-btn asda-btn--fluid asda-btn--light-outline" aria-label="back to top" data-di-id="di-id-d82de788-e2b77f4e">Back to top<span role="img" data-auto-id="" class="asda-icon asda-icon--charcoal asda-icon--small asda-icon--rotate180"><svg viewBox="0 0 32 32" xmlns="http://www.w3.org/2000/svg" data-di-rand="1700859407573" data-di-res-id="6854cbfd-a01f876d"><path d="M16.46 19.339l9.193-9.193a.5.5 0 01.707 0l.707.708a.5.5 0 010 .707l-9.546 9.546a2 2 0 01-2.829 0L5.146 11.56a.5.5 0 010-.707l.708-.708a.5.5 0 01.707 0l9.192 9.193a.5.5 0 00.707 0z" fill="#3d3d3d" class="asda-icon__draw" fill-rule="evenodd"></path></svg></span></button></div><div class="footer footer--regular"><div class="footer__container"><div class="footer__row "><div class="footer__primary-header"><div class="footer__column "><a aria-current="page" class="asda-link asda-link--primary footer__anchor-logo active" data-auto-id="linkFooterLogo" target="_self" href="/" data-di-id="di-id-290f0a68-d12ee34"><div class="asda-logo " data-size="small" data-auto-id="asdaLogo"><span aria-label="asda groceries, home" role="img" data-auto-id="" class="asda-icon asda-icon--green-brand asda-icon--regular asda-icon--rotate0 asda-icon--brand asda-logo__icon"><svg xmlns="http://www.w3.org/2000/svg" viewBox="0 0 113 34" data-di-res-id="ef4a844d-eea00306" data-di-rand="1700859424841"><path class="asda-icon__draw" fill-rule="evenodd" d="M101.698 2.012H90.337l-6.479 18.752c.29-1.557.341-2.802.341-3.343 0-7.856-4.501-15.409-15.076-15.409H56.978l.036 18.653c-1.05-5.3-5.892-6.72-11.913-8.55-2.25-.693-3.486-1.794-3.035-2.82.385-.896 1.765-1.177 3.44-.946 2.554.366 4.594 1.22 6.558 2.289l2.684-6.651c-.605-.299-4.954-2.909-10.404-2.909-7.6 0-12.454 3.708-12.454 9.18 0 4.876 3.003 7.711 8.525 9.3 5.939 1.723 7.445 2.416 7.266 4.124-.154 1.472-3.835 3.265-12.841-2.276l-2.676 5.537-8.26-24.93H12.547L1.814 33.003h8.952L12.5 28H23l1.784 5.004h9.398l-1.066-3.031c3.177 1.836 7.117 3.517 11.83 3.517 7.22 0 11.123-3.943 12.054-7.722v7.236h12.11c7.219 0 10.995-3.442 12.968-7.126l-2.477 7.126h8.945L90.336 28H101l1.572 5.004h9.41L101.697 2.012zM14.5 21l3.338-10.648L21 21h-6.5zM66 25.012V10h2.135c3.043 0 6.365 1.232 6.365 7.506 0 5.557-2.934 7.506-6.339 7.506H66zM92.5 21l3.184-10.521L99 21h-6.5z"></path></svg></span></div></a></div><div class="footer__column footer__feedback-wrapper"><button type="button" data-auto-id="linkWebsiteFeedback" class="asda-link asda-link--secondary asda-link--standalone asda-link--button footer__feedback" aria-disabled="false" data-di-id="di-id-f56f9316-c54defa2"><span role="img" data-auto-id="" class="asda-icon asda-icon--charcoal asda-icon--regular asda-icon--rotate0 footer__feedback-icon"><svg viewBox="0 0 32 32" xmlns="http://www.w3.org/2000/svg" data-di-rand="1700859407574" data-di-res-id="50670091-a0327e09"><path d="M26 8a2 2 0 012 2v12a2 2 0 01-2 2H13l-5.223 3.482A.5.5 0 017 27.066V24H6a2 2 0 01-2-2V10a2 2 0 012-2zm-.5 2h-19a.5.5 0 00-.5.5v11a.5.5 0 00.5.5H9v1.796a.25.25 0 00.389.208L12.394 22H25.5a.5.5 0 00.5-.5v-11a.5.5 0 00-.5-.5zm-9 2a.5.5 0 01.492.41l.008.09V15h2.5a.5.5 0 01.492.41l.008.09v1a.5.5 0 01-.41.492L19.5 17H17v2.5a.5.5 0 01-.41.492L16.5 20h-1a.5.5 0 01-.492-.41L15 19.5V17h-2.5a.5.5 0 01-.492-.41L12 16.5v-1a.5.5 0 01.41-.492L12.5 15H15v-2.5a.5.5 0 01.41-.492L15.5 12z" fill="#3d3d3d" class="asda-icon__draw"></path></svg></span><span class="footer__feedback-text">Website Feedback</span></button></div></div></div><div class="footer__row footer__top-list"><div class="footer__column-top footer__column-border"><div class="footer__panel"><div class="footer__heading-container footer__heading-container--collapsed"><button data-auto-id="footerLinkSection" type="button" class="asda-btn asda-btn--plain asda-btn--fluid footer__heading footer__heading--is-clickable" aria-expanded="false" data-di-id="di-id-f56f9316-2415e746"><span>About Asda</span><span role="img" data-auto-id="" class="asda-icon asda-icon--charcoal asda-icon--regular asda-icon--rotate0"><svg viewBox="0 0 32 32" xmlns="http://www.w3.org/2000/svg" data-di-res-id="40fbf99d-5d03a2f7" data-di-rand="1700859425791"><path d="M16.46 19.339l9.193-9.193a.5.5 0 01.707 0l.707.708a.5.5 0 010 .707l-9.546 9.546a2 2 0 01-2.829 0L5.146 11.56a.5.5 0 010-.707l.708-.708a.5.5 0 01.707 0l9.192 9.193a.5.5 0 00.707 0z" fill="#3d3d3d" class="asda-icon__draw" fill-rule="evenodd"></path></svg></span></button></div><div class="footer__split-container footer__split-container--collapsed"><ul class="footer__list"><li class="footer__item"><a aria-label="The Store locator opens a new window." class="footer__anchor" href="https://storelocator.asda.com/?cmpid=ghs-_-otc-storeloc-_-groceries-dsk-_-globalfooter-_-globalnav&amp;utm_source=groceries-dsk&amp;utm_medium=ghs&amp;utm_term=globalnav&amp;utm_content=globalfooter&amp;utm_campaign=otc-storeloc&amp;#!/" target="_blank" rel="noopener noreferrer" data-auto-id="footer-link-store-locator" data-di-id="di-id-5b74ab0a-ebaa5402">Store locator<div class="visually-hidden" aria-live="">Opens a new window</div></a></li><li class="footer__item"><a aria-label="The About Asda opens a new window." class="footer__anchor" href="https://www.asda.com/about" target="_blank" rel="noopener noreferrer" data-auto-id="footer-link-about-asda" data-di-id="di-id-a311629-97c599da">About Asda<div class="visually-hidden" aria-live="">Opens a new window</div></a></li><li class="footer__item"><a aria-label="The Asda Careers opens a new window." class="footer__anchor" href="https://www.asda.jobs/?cmpid=ghs-_-otc-asdajobs-_-groceries-dsk-_-globalfooter-_-globalnav&amp;amp;utm_source=groceries-dsk&amp;amp;utm_medium=ghs&amp;amp;utm_term=globalnav&amp;amp;utm_content=globalfooter&amp;amp;utm_campaign=otc-asdajobs" target="_blank" rel="noopener noreferrer" data-auto-id="footer-link-asda-careers" data-di-id="di-id-6bc37ee9-6eb0bbc7">Asda Careers<div class="visually-hidden" aria-live="">Opens a new window</div></a></li><li class="footer__item"><a class="asda-link asda-link--secondary footer__anchor" data-auto-id="footer-link-click-collect" target="_self" href="/event/click-and-collect" data-di-id="di-id-f8c4028f-866cccba">Click &amp; Collect</a></li><li class="footer__item"><a class="asda-link asda-link--secondary footer__anchor" data-auto-id="footer-link-express-delivery" target="_self" href="/event/express-delivery" data-di-id="di-id-f8c4028f-b29104d">Express Delivery</a></li><li class="footer__item"><a class="asda-link asda-link--secondary footer__anchor" data-auto-id="footer-link-your-pass" target="_self" href="/delivery-pass" data-di-id="di-id-2572d01c-590ccd08">Your Pass</a></li><li class="footer__item"><a class="asda-link asda-link--secondary footer__anchor" data-auto-id="footer-link-groceries-app" target="_self" href="/event/mobile-app" data-di-id="di-id-373118c4-bb636f8a">Groceries App</a></li></ul></div></div></div><div class="footer__column-top footer__column-border"><div class="footer__panel"><div class="footer__heading-container footer__heading-container--collapsed"><button data-auto-id="footerLinkSection" type="button" class="asda-btn asda-btn--plain asda-btn--fluid footer__heading footer__heading--is-clickable" aria-expanded="false" data-di-id="di-id-d54d464a-754fdaa0"><span>More Asda Websites</span><span role="img" data-auto-id="" class="asda-icon asda-icon--charcoal asda-icon--regular asda-icon--rotate0"><svg viewBox="0 0 32 32" xmlns="http://www.w3.org/2000/svg" data-di-res-id="772509af-1dde156d" data-di-rand="1700859425794"><path d="M16.46 19.339l9.193-9.193a.5.5 0 01.707 0l.707.708a.5.5 0 010 .707l-9.546 9.546a2 2 0 01-2.829 0L5.146 11.56a.5.5 0 010-.707l.708-.708a.5.5 0 01.707 0l9.192 9.193a.5.5 0 00.707 0z" fill="#3d3d3d" class="asda-icon__draw" fill-rule="evenodd"></path></svg></span></button></div><div class="footer__split-container footer__split-container--collapsed"><ul class="footer__list"><li class="footer__item"><a aria-label="The George opens a new window." class="footer__anchor" href="https://direct.asda.com/george/clothing/10,default,sc.html?cmpid=ghs-_-geor-_-groceries-dsk-_-globalfooter-_-globalnav" target="_blank" rel="noopener noreferrer" data-auto-id="footer-link-george" data-di-id="di-id-97093a59-d63ba3bd">George<div class="visually-hidden" aria-live="">Opens a new window</div></a></li><li class="footer__item"><a aria-label="The Photo Prints opens a new window." class="footer__anchor" href="https://www.asda-photo.co.uk?utm_source=groceries-dsk&amp;amp;utm_medium=ghs&amp;amp;utm_term=globalnav&amp;amp;utm_content=globalfooter&amp;amp;utm_campaign=otc-photo&amp;amp;cmpid=ghs-_-otc-photo-_-groceries-dsk-_-globalfooter-_-globalnav" target="_blank" rel="noopener noreferrer" data-auto-id="footer-link-photo-prints" data-di-id="di-id-972035ea-3bca21b7">Photo Prints<div class="visually-hidden" aria-live="">Opens a new window</div></a></li><li class="footer__item"><a aria-label="The Asda Mobile opens a new window." class="footer__anchor" href="https://mobile.asda.com/?cmpid=ghs-_-otc-mob-_-groceries-dsk-_-globalfooter-_-globalnav&amp;amp;utm_source=groceries-dsk&amp;amp;utm_medium=ghs&amp;amp;utm_term=globalnav&amp;amp;utm_content=globalfooter&amp;amp;utm_campaign=otc-mob" target="_blank" rel="noopener noreferrer" data-auto-id="footer-link-asda-mobile" data-di-id="di-id-585db2ba-109ea426">Asda Mobile<div class="visually-hidden" aria-live="">Opens a new window</div></a></li><li class="footer__item"><a aria-label="The Travel Money opens a new window." class="footer__anchor" href="https://money.asda.com/travel/travel-money/?utm_source=ghs&amp;utm_medium=footer&amp;utm_campaign=travel-money" target="_blank" rel="noopener noreferrer" data-auto-id="footer-link-travel-money" data-di-id="di-id-2de396d1-9e60d84e">Travel Money<div class="visually-hidden" aria-live="">Opens a new window</div></a></li><li class="footer__item"><a aria-label="The Asda Tyres opens a new window." class="footer__anchor" href="https://www.asdatyres.co.uk/?utm_source=asda.groceries&amp;amp;utm_medium=internal&amp;amp;utm_term=groceries.footer&amp;amp;utm_content=hp&amp;amp;utm_campaign=generic" target="_blank" rel="noopener noreferrer" data-auto-id="footer-link-asda-tyres" data-di-id="di-id-60b39d43-41ca5488">Asda Tyres<div class="visually-hidden" aria-live="">Opens a new window</div></a></li></ul><ul class="footer__list"><li class="footer__item"><a aria-label="The Opticians opens a new window." class="footer__anchor" href="https://opticians.asda.com?utm_source=asda.groceries&amp;amp;utm_medium=internal&amp;amp;utm_term=groceries.footer&amp;amp;utm_content=hp&amp;amp;utm_campaign=generic" target="_blank" rel="noopener noreferrer" data-auto-id="footer-link-opticians" data-di-id="di-id-bb53270b-f94eeb17">Opticians<div class="visually-hidden" aria-live="">Opens a new window</div></a></li><li class="footer__item"><a aria-label="The Breakdown Cover opens a new window." class="footer__anchor" href="https://money.asda.com/insurance/breakdown-cover/?utm_source=ghs&amp;utm_medium=footer&amp;utm_campaign=breakdown" target="_blank" rel="noopener noreferrer" data-auto-id="footer-link-breakdown-cover" data-di-id="di-id-f124a5d1-900a7859">Breakdown Cover<div class="visually-hidden" aria-live="">Opens a new window</div></a></li><li class="footer__item"><a aria-label="The Credit Card opens a new window." class="footer__anchor" href="https://money.asda.com/credit-cards/?cmpid=ghs-_-otc-mon-_-groceries-dsk-_-globalfooter-credc-_-globalnav&amp;amp;utm_source=groceries-dsk&amp;amp;utm_medium=ghs&amp;amp;utm_term=globalnav&amp;amp;utm_content=globalfooter-credc&amp;amp;utm_campaign=otc-mon" target="_blank" rel="noopener noreferrer" data-auto-id="footer-link-credit-card" data-di-id="di-id-b6f2e126-eec95485">Credit Card<div class="visually-hidden" aria-live="">Opens a new window</div></a></li><li class="footer__item"><a class="asda-link asda-link--secondary footer__anchor" data-auto-id="footer-link-gift-cards" target="_self" href="/gift-cards" data-di-id="di-id-1268ccb4-f53e48a5">Gift Cards</a></li><li class="footer__item"><a aria-label="The Car Insurance opens a new window." class="footer__anchor" href="https://money.asda.com/insurance/car-insurance/?utm_source=ghs&amp;utm_medium=footer&amp;utm_campaign=car-insurance" target="_blank" rel="noopener noreferrer" data-auto-id="footer-link-car-insurance" data-di-id="di-id-ea2b09ec-8561860d">Car Insurance<div class="visually-hidden" aria-live="">Opens a new window</div></a></li></ul><ul class="footer__list"><li class="footer__item"><a aria-label="The Home Insurance opens a new window." class="footer__anchor" href="https://money.asda.com/insurance/home-insurance/?utm_source=ghs&amp;utm_medium=footer&amp;utm_campaign=home-insurance" target="_blank" rel="noopener noreferrer" data-auto-id="footer-link-home-insurance" data-di-id="di-id-318bcf96-acf2b161">Home Insurance<div class="visually-hidden" aria-live="">Opens a new window</div></a></li><li class="footer__item"><a aria-label="The Pet Insurance opens a new window." class="footer__anchor" href="https://money.asda.com/insurance/pet-insurance/?utm_source=ghs&amp;utm_medium=footer&amp;utm_campaign=pet-insurance" target="_blank" rel="noopener noreferrer" data-auto-id="footer-link-pet-insurance" data-di-id="di-id-ea2b09ec-d03d97bc">Pet Insurance<div class="visually-hidden" aria-live="">Opens a new window</div></a></li><li class="footer__item"><a aria-label="The Asda Magazine opens a new window." class="footer__anchor" href="https://www.asdagoodliving.co.uk/" target="_blank" rel="noopener noreferrer" data-auto-id="footer-link-asda-magazine" data-di-id="di-id-20e8c6e3-55dbffe4">Asda Magazine<div class="visually-hidden" aria-live="">Opens a new window</div></a></li><li class="footer__item"><a aria-label="The toyou opens a new window." class="footer__anchor" href="https://www.toyou.co.uk/home?utm_source=asda.groceries&amp;amp;utm_medium=internal&amp;amp;utm_term=groceries.footer&amp;amp;utm_content=hp&amp;amp;utm_campaign=generic" target="_blank" rel="noopener noreferrer" data-auto-id="footer-link-toyou" data-di-id="di-id-d488c067-41ca5488">toyou<div class="visually-hidden" aria-live="">Opens a new window</div></a></li><li class="footer__item"><a aria-label="The Asda online doctor opens a new window." class="footer__anchor" href="https://onlinedoctor.asda.com/uk/" target="_blank" rel="noopener noreferrer" data-auto-id="footer-link-asda-online-doctor" data-di-id="di-id-20e8c6e3-bb68e5f8">Asda online doctor<div class="visually-hidden" aria-live="">Opens a new window</div></a></li></ul></div></div></div><div class="footer__column-top footer__column-border footer__column-top--last"><div class="footer__panel"><div class="footer__heading-container footer__heading-container--collapsed"><button data-auto-id="footerLinkSection" type="button" class="asda-btn asda-btn--plain asda-btn--fluid footer__heading footer__heading--is-clickable" aria-expanded="false" data-di-id="di-id-d9a9807f-897952a5"><span>Help &amp; Customer service</span><span role="img" data-auto-id="" class="asda-icon asda-icon--charcoal asda-icon--regular asda-icon--rotate0"><svg viewBox="0 0 32 32" xmlns="http://www.w3.org/2000/svg" data-di-res-id="dd2cc124-194373a3" data-di-rand="1700859425796"><path d="M16.46 19.339l9.193-9.193a.5.5 0 01.707 0l.707.708a.5.5 0 010 .707l-9.546 9.546a2 2 0 01-2.829 0L5.146 11.56a.5.5 0 010-.707l.708-.708a.5.5 0 01.707 0l9.192 9.193a.5.5 0 00.707 0z" fill="#3d3d3d" class="asda-icon__draw" fill-rule="evenodd"></path></svg></span></button></div><div class="footer__split-container footer__split-container--collapsed"><ul class="footer__list"><li class="footer__item"><a aria-label="The  opens a new window." class="footer__anchor" target="" data-auto-id="footer-link-"></a><button type="button" data-auto-id="linkChatBot" class="asda-link asda-link--primary asda-link--button footer__anchor" aria-disabled="false" data-di-id="di-id-d54d464a-230edddb"> Ask Asda</button></li><li class="footer__item"><a aria-label="The Help Centre opens a new window." class="footer__anchor" href="https://asda-grocery.custhelp.com/" target="_blank" rel="noopener noreferrer" data-auto-id="footer-link-help-centre" data-di-id="di-id-20e8c6e3-853e78c4">Help Centre<div class="visually-hidden" aria-live="">Opens a new window</div></a></li><li class="footer__item"><a class="asda-link asda-link--secondary footer__anchor" data-auto-id="footer-link-how-to-shop" target="_self" href="/event/how-to-shop" data-di-id="di-id-373118c4-c862ec89">How to shop</a></li><li class="footer__item"><a aria-label="The Product recalls opens a new window." class="footer__anchor" href="https://corporate.asda.com/product-recalls" target="_blank" rel="noopener noreferrer" data-auto-id="footer-link-product-recalls" data-di-id="di-id-e64944a1-b9e035c1">Product recalls<div class="visually-hidden" aria-live="">Opens a new window</div></a></li></ul></div></div></div></div><div class="footer__bottom-layout"><div class="footer__bottom-container"><div class="footer__bottom-wrapper"><ul class="footer__list footer__meta-list"><li class="footer__item"><a aria-label="The © ASDA 2023 opens a new window." class="footer__anchor" target="" data-di-id="di-id-f56f9316-fb8ec3dd">© ASDA 2023</a></li><li class="footer__item"><a class="asda-link asda-link--secondary footer__anchor" target="_self" href="/terms-and-conditions" data-di-id="di-id-2ecd8a93-556d01b0">Terms &amp; Conditions</a></li><li class="footer__item"><a aria-label="The Privacy Policy opens a new window." class="footer__anchor" href="https://www.asda.com/privacy/your-information/online-shopping" target="_blank" rel="noopener noreferrer" data-di-id="di-id-6d5fa0cb-2c454c9b">Privacy Policy<div class="visually-hidden" aria-live="">Opens a new window</div></a></li><li class="footer__item"><a class="asda-link asda-link--secondary footer__anchor" target="_self" href="/sitemap" data-di-id="di-id-abd4663f-e4c15a83">Site map</a></li><li class="footer__item"><a aria-label="The Asda Company Details opens a new window." class="footer__anchor" href="https://www.asda.com/help/company-details?cmpid=ahc-_-ahc-_-asdacom-_-privacy-_-footer-_-about-companies" target="_blank" rel="noopener noreferrer" data-di-id="di-id-a79ba1-eacd3e6a">Asda Company Details<div class="visually-hidden" aria-live="">Opens a new window</div></a></li><li class="footer__item"><span id="ot-sdk-btn" class="footer__optanon-link optanon-toggle-display">Cookie Settings</span></li><li class="footer__item"><a class="asda-link asda-link--secondary footer__anchor" target="_self" href="/accessibility" data-di-id="di-id-c2730f20-eef6dc00">Accessibility</a></li></ul></div></div></div></div></div></footer></div></div><script>(function(_, document, script){
      const source = "//dynamic.criteo.com/js/ld/ld.js?a=44800";
      const scriptNode=document.getElementsByTagName(script)[0],scriptElement=document.createElement(script);
      scriptElement.defer=true;
      scriptElement.type="text/javascript";
      scriptElement.charset='UTF-8';
      scriptElement.src=source;
      scriptNode.parentNode.insertBefore(scriptElement,scriptNode);
    })(window, document, 'script')</script><script>window.criteo_q = window.criteo_q || [];
    window.crit_app = {
      'isPageReady': false,
    }</script><script>(function(_,document,script) {
      if (document.cookie.indexOf('DECISION_ENGINE') !== -1) {
        const source = "https://z.moatads.com/wnsheader634375260002/moatheader.js";
        const scriptNode=document.getElementsByTagName(script)[0],scriptElement=document.createElement(script);
        scriptElement.async=true;
        scriptElement.type="text/javascript";
        scriptElement.charset='UTF-8';
        scriptElement.src=source;
        scriptNode.parentNode.insertBefore(scriptElement,scriptNode);
      }
    })(window,document,'script');</script><script defer="defer">(function(_,document) {
      if (document.cookie.indexOf('IS_HEATMAP_ENABLED') !== -1) {
        document.addEventListener('DOMContentLoaded', () => {
          setTimeout(() => {
            window.smartlook||(function(d) {
            var o=smartlook=function(){ o.api.push(arguments)},h=d.getElementsByTagName('head')[0];
            var c=d.createElement('script');o.api=new Array();c.async=true;c.type='text/javascript';
            c.charset='utf-8';c.src='https://rec.smartlook.com/recorder.js';h.appendChild(c);
            })(document);
            smartlook('init', '3ae7dfaaefa5e4b7b23833c204d8b0103fc07f42');
          }, 10000);
        });
      }
    })(window,document);</script><script>if (document.cookie.indexOf('IS_HEADER_BIDDING_ENABLED') !== -1) {
      var googletag = window.googletag || {};
      googletag.cmd = googletag.cmd || [];
      window.yb_configuration = {"domain":"asda.com","lazyLoad":true};
      (function (y, i, e, l, d, b, I, R, D) {
        d.Yieldbird = d.Yieldbird || {};
        d.Yieldbird.cmd = d.Yieldbird.cmd || [];
        l.cmd.push(function () {l.pubads().disableInitialLoad();});
        b = i.createElement('script'); b.async = true;
        b.src = (e === 'https:' ? 'https:' : 'http:') + '//jscdn.yieldbird.com/' + y + '/yb.js';
        I = i.getElementsByTagName('script')[0];
        (I.parentNode || i.head).insertBefore(b, I);
      })('83fc63f2-21c5-4d72-8c1c-98e5b9535d0c', document, document.location.protocol, googletag, window);
    }</script><script>(function(_,d,s) {
      const { host } = d.location;
      const a = 'https://assets.adobedtm.com/';
      const f = host === 'groceries.asda.com'  ? 'cf423806b055' : '3e62f52ae577-development';
      const p = `${a}f11e58c197b0/5d366c2230bc/launch-${f}.min.js`;
      const n=d.getElementsByTagName(s)[0];
      const e=d.createElement(s);
      e.async=true;
      e.type='text/javascript';
      e.charset='UTF-8';
      e.src=p;
      n.parentNode.insertBefore(e,n);
    })(window,document,'script');</script><script>
var ssDecibelCamp=SS_Campaigns.match(/\d+:\d+/gi),ssDecibel=[];for(i=0;i<ssDecibelCamp.length;i++)ssDecibel.push({campaign:ssDecibelCamp[i].match(/^\d+/gi)[0],variation:ssDecibelCamp[i].match(/\d+$/gi)[0]});
</script>
<script>
    window.SS && SS.Require(function(){
        console.log('SV002');
        var ss_first_run = 0;
        window.addEventListener('triggerSignal', function () {
            if (window.SS) {
                if (window.co && window.co.analyticsData) {

                   //console.log("SS Message - triggered", window.co.analyticsData);

                    var d = window.co.analyticsData;
                    // console.log(d)
                    var loc = window.location.href.split('/')[3];
                    if (loc == '') {
                        loc = 'home'
                    }
                    // Page View
                    if (d.isPageview == true) {
                        SS.EventTrack.rp('page_' + loc)
                    }
                    // Cart Add else
                    if (d.eventId == "103") {
                        SS.EventTrack.rp('add_from_' + loc)
                        SS.EventTrack.rp('nav_add')
                    }
                    if (ss_first_run == 0) {
                        // Customer ID
                        if (d.customerId) {
                            SS.EventTrack.rp('cv__customerid', d.customerId)
                        }
                        // Session ID
                        if (d.sessionId) {
                            SS.EventTrack.rp('cv__jsessionid', d.sessionId)
                        }
                        // Store ID
                        if (d.storeId) {
                            SS.EventTrack.rp('store_' + d.storeId)
                        }
                        ss_first_run = 1;
                    }
                }
            }
        });
        // Screen size
        var screen = window.innerWidth;
        if (screen >= 1440) {
            var size = 'screen_1440_above';
        } else if (screen >= 1200 && screen <= 1439) {
            var size = 'screen_1200_above';
        } else if (screen >= 961 && screen <= 1199) {
            size = 'screen_961_to_1199';
        } else if (screen >= 768 && screen <= 960) {
            size = 'screen_768_to_960';
        } else if (screen >= 481 && screen <= 767) {
            size = 'screen_481_to_767';
        } else if (screen <= 480) {
            size = 'screen_480_below';
        }
        SS.EventTrack.rp(size);
        SS.EventTrack.rp('cv__screen_width', screen);
    })
</script>
<iframe style="display: none;" name="__tcfapiLocator" title="CMP Locator"></iframe><script type="text/javascript" id="">window.grumi={key:"36554418-bc16-436a-bf37-d3dbe9729d2c"};</script>
<script type="text/javascript" id="" src="//rumcdn.geoedge.be/36554418-bc16-436a-bf37-d3dbe9729d2c/grumi-ip.js"></script><script>_satellite["_runScript1"](function(event, target, Promise) {
/*   OnlineOpinion v5.10.4 Released: 3/30/2020. Compiled 04/23/2021 02:54:26 PM -0400 Branch: 5.10.4 4fc68e960aa79de5cdea896ed090d42ea8961e3b Components: Full UMD: disabled The following code is Copyright 1998-2021 Opinionlab, Inc. All rights reserved. Unauthorized use is prohibited. This product and other products of OpinionLab, Inc. are protected by U.S. Patent No. 6606581, 6421724, 6785717 B1 and other patents pending. http://www.opinionlab.com    */(function(a,b){if(('disabled'==='enabled')&&(typeof define==='function')&&define.amd){define([],b)}else{a.OOo=b()}}(this,function(){window.OOo={__detectBrowser:function(b){var c=Object.prototype.toString.call(window.opera)==='[object Opera]',f=b.indexOf('MSIE ')>-1||b.indexOf('Trident/')>-1,d={IE:!!f,MSEdge:b.indexOf('Edge/')>-1,Opera:c,WebKit:b.indexOf('AppleWebKit/')>-1,Chrome:b.indexOf('Chrome')>-1&&b.indexOf('Edge/')===-1,Gecko:b.indexOf('Gecko')>-1&&b.indexOf('KHTML')===-1,MobileSafari:/Apple.*Mobile.*Safari/.test(b),iOs:b.indexOf('iPad')>-1||b.indexOf('iPhone')>-1||b.indexOf('iPod')>-1,iOS67:b.search(/OS 6(.*)|7(.*) like Mac OS/i)>-1,BlackBerry:b.indexOf('BlackBerry')>-1,Fennec:b.indexOf('Fennec')>-1,Safari:/constructor/i.test(window.HTMLElement)||(function(a){return a.toString()==="[object SafariRemoteNotification]"})(!window.safari||safari.pushNotification),IEMobile:b.indexOf('IEMobile')>-1,WindowsPhone:b.toLowerCase().indexOf('windows phone')>-1,WindowsTablet:b.toLowerCase().indexOf('windows nt')>-1&&b.toLowerCase().indexOf('touch')>-1,OperaMobile:b.search(/Opera (?:Mobi|Mini)/)>-1,Kindle:b.search(/[ ](Kindle|Silk)/)>-1,isChromeIOS:/crios/i.test(b),ua:b,Android:/Android/.test(b),facebookWebview:/FBAV/.test(b),googleWebview:/GSA/.test(b),AndroidChromiumWebview:/Chrome\/.* Mobile/.test(b),iOsWebview:/(iPhone|iPod|iPad).*AppleWebKit(?!.*Version)/.test(b)},g=false;d.isMobile=(d.MobileSafari||d.BlackBerry||d.Fennec||d.IEMobile||d.OperaMobile||d.Kindle||d.iOs||d.Android||d.WindowsPhone||d.WindowsTablet||d.AndroidChromiumWebview||d.iOsWebview||d.facebookWebview||d.googleWebview);d.isDesktop=!d.isMobile;d.isMobileNonIOS=(d.isMobile&&!d.iOs);d.isSafariDesktop=(d.Safari)&&(!d.isMobile);return d}};OOo.Browser=OOo.__detectBrowser(navigator.userAgent);OOo.Cache={};OOo.instanceCount=0;OOo.K=function(){};OOo.version='5.10.4';OOo.restoreArray=[];OOo.fcp=true;OOo.spa=true;OOo.useBrowserStorage=false;var bk=bk||OOo;(function(){function bl(a){return document.querySelector(a)}function bm(a){return document.querySelectorAll(a)}function Y(a,b){var c;for(c in b){if(b.hasOwnProperty(c)){a[c]=b[c]}}return a}function bn(a,b,c,f){if(a.addEventListener){a.addEventListener(b,c,f)}else if(a.attachEvent){a.attachEvent('on'+b,c)}}function bo(a,b,c,f){if(a.removeEventListener){a.removeEventListener(b,c,f)}else if(a.detachEvent){a.detachEvent('on'+b,c)}}function Z(){if(typeof Object.assign!=='function'){Object.defineProperty(Object,"assign",{value:function k(a,b){'use strict';if(a===null||a===undefined){throw new TypeError('Cannot convert undefined or null to object');}var c=Object(a);for(var f=1;f<arguments.length;f++){var d=arguments[f];if(d!==null&&d!==undefined){for(var g in d){if(Object.prototype.hasOwnProperty.call(d,g)){c[g]=d[g]}}}}return c},writable:true,configurable:true})}}function bp(a){var b=document.querySelector("script[data-vendor='fs'][data-role='gateway']");if(!b){return false}else{var c;if(b.hasAttribute('data-isselfhosted')&&b.getAttribute('data-isselfhosted')){c=true}var f=b.src?b.src:null;if(!f){return false}else{var d=/gateway\.foresee\.com/g,g=/\/\/[A-Z]{1,3}|[a-z]{1,3}-/g,k;OOo.fcpEnvironment;if(d.test(f)){if(g.test(f)){k=OOo.fcpEnvironment=f.slice(f.search(g),f.search(d))}else{k=OOo.fcpEnvironment=''}if(a&&a==='sites'){var h=/sites\/(.*)\//g;var o=f.split(h)[1];var m=o.split('/');return[m,k]}else if(a&&a==='code'){return[OOo?OOo.version?OOo.version+'-oo':'5.10.3-oo':'',k]}else if(a&&a==='self-hosted'){return c}}else{return false}}}}function L(a,b){var c='./onlineopinionV5/',f;if(a){if(b=='custom'){var d=OOo.checkGateway('sites');if(d){var g=d[0][0],k=d[0][1];f=d[1]?d[1]:'';c='https://'+f+'gateway.foresee.com/sites/'+g+'/'+k+'/opinionlab/'}}else if(b=='static'){var h=OOo.checkGateway('code');if(h){codeVersion=h[0];f=h[1];c='https://'+f+'gateway.foresee.com/code/'+codeVersion+'/'}}}return c}function N(a){var b=[],c;for(c in a){if(a.hasOwnProperty(c)){b.push(c+'='+(encodeURIComponent(a[c])||''))}}return b.join('&')}function O(c){if(c){OOo.observer.disconnect()}else{var f=document.body,d={subtree:false,childList:true},g=function(a,b){if(a&&a[0].addedNodes&&a[0].addedNodes.length>0){G(a[0].addedNodes)}};if(OOo.observer==undefined){OOo.observer=new MutationObserver(g);OOo.observer.observe(f,d)}else{OOo.observer.observe(f,d)}}}function F(){return document?document.body?document.body.children:'':''}function G(a){P(a,'hide');O()}function P(a,b){if(a.length===0){return}if(b==='show'){for(var c=0;c<a.length;c++){a[c].removeAttribute('aria-hidden')}for(var f=0;f<OOo.restoreArray.length;f++){OOo.restoreArray[f].el.setAttribute('aria-hidden',OOo.restoreArray[f].ariahidden)}}else if(b==='hide'){for(var c=0;c<a.length;c++){if(a[c].nodeName==='SCRIPT'||a[c].nodeName==='STYLE'){continue}if(a[c].getAttribute&&a[c].getAttribute('aria-hidden')){OOo.restoreArray.push({el:a[c],ariahidden:a[c].getAttribute('aria-hidden')=='true'?'true':'false'})}if(a[c].getAttribute&&(a[c].getAttribute('id')=='oo_waypoint_container'||a[c].getAttribute('id')=='oo_invitation_prompt'||a[c].getAttribute('id')=='oo_container'||a[c].getAttribute('id')=='oo_entry_prompt'||a[c].getAttribute('class')&&a[c].getAttribute('class').search('oo_cc_wrapper')>-1)){continue}else{a[c].setAttribute('aria-hidden','true')}}}}function Q(a){P(a,'show');O(true);OOo.restoreArray=[]}function ba(a){var b=/[\(\)']+/g;newFnArgs=a[0].replace(b,'');return newFnArgs}function bb(a,b){var c=/\(.*?\)/;var f=c.exec(b[0]);f=ba(f);f=bc(f);var d=b[0].replace(c,'');return bd(a,d,f)}function bc(a){if(Array.isArray(a)){var b=a[0]}else{var b=a}var c=b.split(',');for(var f=0;f<c.length;f++){c[f]=c[f].replace(/[\(\)']+/g,'');if(c[f]==='true'){c[f]=true}else if(c[f]==='false'){c[f]=false}else if(c[f]==parseInt(c[f])){c[f]=parseInt(c[f],10)}else if(c[f]===''){c.pop(f)}}return c}function bd(d,g,k){var h;function o(a){return l(a)||n(a)||q(a)||m()}function m(){throw new TypeError("Invalid attempt to spread non-iterable instance.\nIn order to be iterable, non-array objects must have a [Symbol.iterator]() method.");}function q(a,b){if(!a)return;if(typeof a==="string")return p(a,b);var c=Object.prototype.toString.call(a).slice(8,-1);if(c==="Object"&&a.constructor)c=a.constructor.name;if(c==="Map"||c==="Set")return Array.from(c);if(c==="Arguments"||/^(?:Ui|I)nt(?:8|16|32)(?:Clamped)?Array$/.test(c))return p(a,b)}function n(a){if(typeof Symbol!=="undefined"&&Symbol.iterator in Object(a))return Array.from(a)}function l(a){if(Array.isArray(a))return p(a)}function p(a,b){if(b==null||b>a.length)b=a.length;for(var c=0,f=new Array(b);c<b;c++){f[c]=a[c]}return f}return(h=d)[g].apply(h,o(k))}function M(a,b){if(b.length!==0&&b[0].search(/\(.*?\)/)>=0){var c=bb(a,b);return M(c,b.slice(1))}else{return b.length?M(a[b[0]],b.slice(1)):a}}function R(a){if(typeof a=='object'){return a}else if(typeof a=='function'){a=a();return a}}function S(a){var b;if(a){b=Object.keys(a)}return b}function T(b){var c;if(b){c=Object.keys(b).map(function(a){return b[a]})}return c}function be(a){try{var b=M(window,a);return typeof b!=='undefined'?b:''}catch(e){return''}}function bq(a){if(!a.customVariables&&!a.efm&&!a.digitalBehaviorAnalytics){return null}else if(a.customVariables||a.efm||a.digitalBehaviorAnalytics){var b={},c={},f,d=a.customVariables?R(a.customVariables):{};for(key in d){if(d.hasOwnProperty(key)){var g=a.customVariables.nestedVariables||(typeof a.customVariables==="function"&&a.customVariables().nestedVariables)?R(a.customVariables).nestedVariables:undefined}}if(a.digitalBehaviorAnalytics){if(window.Mpathy&&typeof window.Mpathy.getIntegrationData==="function"){if(typeof window.Mpathy.getIntegrationData()==="object"){f=Mpathy.getIntegrationData();d.digitalBehaviorAnalyticsSite=f.idsite;d.digitalBehaviorAnalyticsPage=f.idpage;d.digitalBehaviorAnalyticsInsightUrl=f.insightUrl;d.digitalBehaviorAnalyticsReplayUrl=f.replayUrl}}}if(a.efm){d.EFMSurvey=true}if(a.efmWindowSize){d.EFMWidth=a.efmWindowSize[0];d.EFMHeight=a.efmWindowSize[1]}if(g){delete d.nestedVariables}var k=d?S(d):undefined;var h=d?T(d):undefined;var o=g?S(g):undefined;var m=g?T(g):undefined;var q=m?br(m,window):undefined;b=k&&h?bf(k,h,b):undefined;c=o&&q?bf(o,q,c):undefined;Z();c?Object.assign(b,c):undefined;return b}}function br(a,b){for(var c=0;c<a.length;c++){if(Array.isArray(a[c])){a[c]=E(be(a[c],b))}}return a}function bf(a,b,c){for(var f=0;f<a.length;f++){c[a[f]]=E(b[f])}return c}function U(a,b){var c="";for(var f=0;f<b.length;f++){var d=false;for(var g=0;g<a.length;g++){if(b[f].indexOf(a[g])>-1){d=true;break}}if(!d){c+=b[f];if(f!==b.length-1){c+="&"}}}return c}function V(a){if(typeof a==="number"){var b=new Date(a);var c=b.getHours(),f=b.getMinutes();var d=b.toString().split(" ")[1]+" "+b.getDate()+", "+b.getFullYear();var g="AM";if(c>=12){g="PM"}if(c===0){c=12}else if(c>12){c=c-12}f=f<10?"0"+f:f;var k=c+":"+f+" "+g;return d+" "+k}else{return a}}function bg(a,b){var c=N(b);var f=c.split("&");c=U(["width","height"],f);f=c.split("&");c=U(["time1","time2"],f);c+='&timeOnPage='+encodeURIComponent(b.time2-b.time1)+'&resolution='+encodeURIComponent(b.width+" \u00D7 "+b.height)+"&time1="+encodeURIComponent(V(b.time1))+"&time2="+encodeURIComponent(V(b.time2));if(typeof a.customVariables!=='undefined'||a.digitalBehaviorAnalytics){var d=OOo.evalCustomVars(a);for(var g in d){if(g=='EFMSurvey'||g=='EFMWidth'||g=='EFMHeight'){continue}c+="&"+g+"="+encodeURIComponent(OOo.serialize(d[g]))}}return c}function W(a){var b,c,f,d,g,k;if(a.efm){b=bg(a,a.metrics)}else{b=N(a.metrics);c=typeof a.tealeafId!=='undefined'?E(a.tealeafId):undefined;f=typeof a.clickTalePID!=='undefined'?E(a.clickTalePID):undefined;d=typeof a.clickTaleUID!=='undefined'?E(a.clickTaleUID):undefined;g=typeof a.clickTaleSID!=='undefined'?E(a.clickTaleSID):undefined;k=a.legacyVariables;var h=c+'|'+f+'/'+d+'/'+g;b+='&custom_var='+OOo.createLegacyVars(k,h);if(a.metrics.type==='OnPage'){b+='|iframe'}if(a.asm){b+='&asm=2'}b+="&_"+'rev=2';if(a.customVariables||a.digitalBehaviorAnalytics){customVars=OOo.evalCustomVars(a);b+='&customVars='+encodeURIComponent(OOo.serialize(customVars))}}return b}function bs(a,b){var c=a.referrerRewrite;a.metrics.referer=location.href;a.metrics.prev=encodeURIComponent(document.referrer);if(c){a.metrics.referer=OOo.referrerRewrite(c)}if(a.constructCommentCardUrl){var f='https://secure.opinionlab.com/ccc01/comment_card_d.asp';if(a.commentCardUrl){f=a.commentCardUrl}f+=('?'+W(a));return f}else{var d=document,g=d.createElement('form'),k=d.createElement('input');g.style.display='none';g.method='post';g.target=b||'OnlineOpinion';g.action='https://secure.opinionlab.com/ccc01/comment_card_d.asp';if(a.commentCardUrl){g.action=a.commentCardUrl}k.name='params';k.value=W(a);g.appendChild(k);d.body.appendChild(g);return g}}function bt(){return{width:screen.width,height:screen.height,referer:location.href,prev:document.referrer,time1:(new Date()).getTime(),time2:null,currentURL:location.href,ocodeVersion:'5.10.4'}}function bu(a){var b='';if(a&&a.search('://')>-1){var c=a.split('/');for(var f=3;f<c.length;f++){b+="/";b+=c[f]}}return b}function E(a){if(typeof a==='object'&&a!=null){for(var b=0;b<a.length;b++){a[b]=typeof a[b]==="string"?a[b].replace(/[,<>"']/g,''):a[b]}return a}else if(typeof a==='string'){a=a.replace(/[,<>"']/g,'');return a}else{return a}}function bv(a,b){a=a||{};if(typeof a==='string'){return b+'|'+E(a)}return a.override?E(a.vars):b+(a.vars?'|'+E(a.vars):'')}function bw(a,b){if(!b){b=location}if(typeof a==="string")return a;return a.searchPattern?b.href.replace(a.searchPattern,a.replacePattern):a.replacePattern}var bx=(function(){if(navigator.appName==="Microsoft Internet Explorer"&&navigator.userAgent.search("MSIE 6")!==-1){return true}var a=document.body,b,c;if(document.createElement&&a&&a.appendChild&&a.removeChild){b=document.createElement('iframe');b.setAttribute('sandbox','allow-forms allow-scripts allow-same-origin allow-popups allow-popups-to-escape-sandbox'),c=false;b.setAttribute('name','oo_test');b.style.display='none';a.appendChild(b);c=!!!document.getElementsByName('oo_test')[0];a.removeChild(b);return c}else{return null}}());function by(a,b){if(typeof a!=='undefined'&&a.length>0){for(var c=0;c<a.length;c++){if(document.querySelector(a[c])){return document.querySelector(a[c])}}}return b}function bz(a,b){var c=a||window.event,f=OOo.$('#oo_waypoint_content'),d=OOo.$('#oo_waypoint_company_logo'),g=c.target;if(c.srcElement&&!c.target){g=c.srcElement}if(c.preventDefault&&c.stopPropagation){c.preventDefault();c.stopPropagation()}else{c.returnValue=false}if((g!==f&&!f.contains(g))&&(g!==d&&!d.contains(g))||(g.className==='waypoint_icon'||g.className==='waypoint_icon last')){var k=OOo.$('#oo_waypoint_container'),h=k.parentNode;Q(F());h.removeChild(k);if(b){b.focus()}}}function bA(){var a=this.options;var b="<div id='oo_waypoint_prompt' role='dialog' aria-modal='true' aria-describedby='oo_waypoint_message'></div>";if(typeof a.wpmarkup!=='undefined'){b=a.wpmarkup}var c=OOo.$('#oo_waypoint_prompt');if(c){var f=OOo.$('#oo_waypoint_container');G(F());this.showWaypoint(f);return}G(F());this.showWaypoint(b)}function bB(f){var d=document,g=0,k=typeof f==='string'?d.createElement('div'):f,h=d.createElement('div'),o,m,q,n=this.options,l=OOo?OOo.fcp?OOo.fcp:false:false,p=n?n.assetType?n.assetType:'custom':'',u,r,t=n.categories,x,v,s=d.activeElement,A=n.screenReader?n.screenReader:'This will open a new window',B,u=n.pathToAssets?n.pathToAssets:L(l,p);h.id='oo_waypoint_overlay';k.id='oo_waypoint_container';k.style.visibility='hidden';if(typeof f==='string'){k.innerHTML=f;d.body.appendChild(k)}k.appendChild(h);if(n.companyLogo&&n.companySlogan){var z=n.companyLogo.split('/');var C=z[z.length-1];o=new Image();o.onerror=function(){this.parentNode.removeChild(this)};o.src=u+C;o.alt=n.companySlogan;OOo.$('#oo_waypoint_company_logo').appendChild(o)}n.companySlogan?OOo.$('#oo_waypoint_prompt').setAttribute('aria-label',n.companySlogan):'We value your opinion!';footerBranding=document.createElement('p');footerBranding.innerText='Powered by Verint Experience Cloud';r=OOo.$('#ol_waypoint_brand_logo');r.appendChild(footerBranding);x=OOo.$('#oo_waypoint_close_prompt');B=x.children[0];B.innerHTML=n.screenReaderClose?n.screenReaderClose:'Close Dialog';for(var w in t){if(t.hasOwnProperty(w)){var y=document.createElement('button'),D=n.categories[w].icon,H=n.categories[w].buttonText,I;y.className='waypoint_icon';y.setAttribute('tabindex','0');y.innerHTML='<span id="icon_text">'+H+'</span><span class="screen_reader">'+A+'</span>';if(D&&d.addEventListener){I=document.createElement("IMG");I.setAttribute('class','waypoint_link_icon');I.onerror=function(){this.parentNode.removeChild(this)};u=t[w].assetType?L(l,t[w].assetType):u;I.setAttribute('src',u+D);y.appendChild(I)}if(typeof n.categories[w].oCode==='string'){OOo.addEventListener(y,'click',(function(c){return function(a){var b=a||window.event;window.open(n.categories[c].oCode,'_0','scrollbars=yes,location=yes,menubar=yes,resizable=yes');OOo.hideWaypoint(b,s)}})(w),false);OOo.addEventListener(y,'keydown',(function(c){return function(a){var b=a||window.event;if(b.keyCode!==13){return}window.open(n.categories[c].oCode,'_0','scrollbars=yes,location=yes,menubar=yes,resizable=yes');OOo.hideWaypoint(b,s)}})(w),false)}else{OOo.addEventListener(y,'click',(function(c){return function(a){var b=a||window.event;OOo.Waypoint[c].show(b);OOo.hideWaypoint(b,s)}})(w),false);OOo.addEventListener(y,'keydown',(function(c){return function(a){var b=a||window.event;if(b.keyCode!==13){return}OOo.Waypoint[c].show(b);OOo.hideWaypoint(b,s)}})(w),false)}g++;OOo.$('#waypoint_icons').appendChild(y)}}OOo.addEventListener(k,'click',function(a){var b=a||window.event;a.target!=prompt?OOo.hideWaypoint(b,s):null},false);q=OOo.$('#waypoint_icons').children;v=q[0];OOo.ooTrapFocus(OOo.$('#oo_waypoint_prompt'));OOo.addEventListener(x,'keydown',function(a){var b=a||window.event;if(b.keyCode!==13){return}OOo.hideWaypoint(b,s)},false);OOo.addEventListener(k,'keydown',function(a){var b=a||window.event;if(b.key==="Escape"||b.key==="Esc"){OOo.hideWaypoint(b,s)}else{return}},false);q[g-1].className='waypoint_icon last';k.style.visibility='visible';k.style.display='block';h.className='no_loading';bh(n,v)}function bh(a,b){if(a.linkFocus===true){b.focus()}}function bi(){var a=OOo.$('#oo_container');if(!!a){document.body.removeChild(a)}}function bC(a,b){b===undefined?b=true:b=b;if(typeof window.OOCustomEvent==='undefined'){try{(function(){OOo.OOCustomEvent.prototype=window.Event.prototype;window.OOCustomEvent=OOo.OOCustomEvent})()}catch(e){}}if(b){window.dispatchEvent(new J(a))}}function bj(a){if(a){a()}}function bD(a,b,c){var f=a||window.event;if(f.preventDefault&&f.stopPropagation){f.preventDefault();f.stopPropagation()}else{f.returnValue=false}Q(F());bi();bj(c);if(b){b.focus()}}function bE(a,b){var c=b.options;if(c.pagesHit&&(a<c.pagesHit)){return false}OOo.eraseCookieOrStorage(c,c.tunnelCookie);if(OOo.readCookieOrStorage(c,c.percentageCookie)==='1'&&!b.queued){b.queued=true;OOo.setRepromptAndLaunch(b);return true}}function bF(a){var b=a.options;window.setTimeout(function(){OOo.createCookieOrStorage(b,b.repromptCookie,1,b.repromptTime,b.cookieDomain);OOo.eraseCookieOrStorage(b,b.pagesHitCookie);b.beforePrompt();a.getPrompt()}.bind(a),b.promptDelay*1000)}function bG(a,b){var c=(b+=1);OOo.createCookieOrStorage(a,a.pagesHitCookie,c,'',a.cookieDomain);return c}function bH(){var a="<div id='oo_invitation_prompt' role='dialog' aria-describedby='oo_invite_message'></div>";var b=this.options;if(typeof b.inviteMarkup!=='undefined'){a=b.inviteMarkup}var c=OOo.$('#oo_invitation_prompt');if(c){var f=OOo.$('#oo_container');G(F());this.queued=false;this.showPrompt(f);return}G(F());this.queued=false;this.showPrompt(a)}function bI(c,f){var d=document,g=typeof c==='string'?d.createElement('div'):c,k=d.createElement('div'),h,o,m=this.options,q,n,l,p=OOo?OOo.fcp?OOo.fcp:false:false,u=m?m.assetType?m.assetType:'custom':'',r,t=d.activeElement,x,v,s,A,B=m.pathToAssets?m.pathToAssets:L(p,u);x=m.screenReaderYes?m.screenReaderYes:'This will open a new window';v=m.screenReaderNo?m.screenReaderNo:'Close dialog';s=m.screenReaderClose?m.screenReaderClose:'Close dialog';k.id='oo_invitation_overlay';g.id='oo_container';g.style.visibility='hidden';if(typeof c==='string'){g.innerHTML=c;d.body.appendChild(g)}g.appendChild(k);q=OOo.$('#oo_launch_prompt');n=OOo.$('#oo_no_thanks');l=OOo.$('#oo_close_prompt');r=OOo.$('#oo_invitation_company_logo');if(!OOo.$('#oo_no_thanks > span.screen_reader')){var z=document.createElement("SPAN");z.setAttribute("class","screen_reader");n.appendChild(z)}else{var z=OOo.$('#oo_no_thanks > span.screen_reader')}var C=OOo.$('#oo_launch_prompt > span.screen_reader');var w=OOo.$('#oo_close_prompt > div.screen_reader');if(m.companyLogo&&m.companySlogan){var y=m.companyLogo.split('/');var D=y[y.length-1];h=new Image();h.onerror=function(){this.parentNode.removeChild(this)};h.src=B+D;h.alt=m.companySlogan;r.appendChild(h)}m.companySlogan?OOo.$('#oo_invitation_prompt').setAttribute('aria-label',m.companySlogan):'We value your opinion!';footerBranding=document.createElement('p');footerBranding.innerText='Powered by Verint Experience Cloud';OOo.$('#ol_invitation_brand_logo').appendChild(footerBranding);C.innerHTML=x;z.innerHTML=v;w.innerHTML=s;l.setAttribute('aria-label',s);if(m.callBacks){if(typeof m.callBacks.prompt==='function'){m.callBacks.prompt()}if(typeof m.callBacks.yesClick==='function'){OOo.addEventListener(q,'click',function(){m.callBacks.yesClick()},false)}if(typeof m.callBacks.noClick==='function'){OOo.addEventListener(n,'click',function(){m.callBacks.noClick()},false)}if(typeof m.callBacks.closeClick==='function'){OOo.addEventListener(l,'click',function(){m.callBacks.closeClick()},false)}}OOo.addEventListener(q,'click',f.bind(this),false);OOo.addEventListener(n,'click',function(a){var b=a||window.event;OOo.hidePrompt(b,t)},false);OOo.addEventListener(l,'click',function(a){var b=a||window.event;OOo.hidePrompt(b,t)},false);OOo.ooTrapFocus(OOo.$('#oo_invitation_prompt'));OOo.addEventListener(q,'keyup',function(a){var b=a||window.event;if(b.keyCode!==13){return}f.bind(this)}.bind(this),false);OOo.addEventListener(n,'keyup',function(a){var b=a||window.event;if(b.keyCode!==13){return}OOo.hidePrompt(b,t)},false);OOo.addEventListener(l,'keyup',function(a){var b=a||window.event;if(b.keyCode!==13){return}OOo.hidePrompt(b,t)},false);OOo.addEventListener(g,'keyup',function(a){var b=a||window.event;if(b.key==="Escape"||b.key==="Esc"){OOo.hidePrompt(b,t)}else{return}},false);g.style.visibility='visible';g.style.display='block';k.className='no_loading';t.blur();q.focus()}function bJ(){var a="<div id='oo_entry_prompt' role='dialog' aria-modal='true' aria-describedby='oo_entry_message'><div id='oo_entry_company_logo'></div><div id='oo_entry_content'><p id='oo_entry_message'>After your visit, would you be willing to provide some quick feedback?<br /><br />(It will only take a minute)</p><p class='entry_prompt_button'><button tabindex='0' id='oo_launch_entry_prompt'>Yes<span class='screen_reader'>This will open a new window</span></button></p><p class='entry_prompt_button'><button tabindex='0' id='oo_entry_no_thanks'>No Thanks</button></p><p id='ol_entry_brand_logo'></div><button id='oo_entry_close_prompt' tabindex='0' aria-label='Close dialog'><div class='screen_reader'>Close dialog</div><span aria-hidden='true'>&#10006;</span></button></div><!--[if IE 8]><style>/* IE 8 does not support box-shadow */#oo_entry_prompt #oo_entry_content { width: 400px; padding: 40px 49px 20px 49px; border: 1px solid #ccc; }</style><![endif]-->";var b=this.options;if(b.events.prompt.promptMarkup){a=b.events.prompt.promptMarkup}var c=OOo.$('#oo_entry_prompt');if(c){var f=OOo.$('#oo_container');G(F());this.showEntryPrompt(f);return}G(F());this.showEntryPrompt(a)}function bK(d,g){for(var k=0;k<d.length;k++){thisCb=g[k];(function(c,f){OOo.addEventListener(d[k],'click',function(a){var b=a||window.event;f(b)},false)})(k,thisCb)}}function bL(c,f){var d=document,g=typeof c==='string'?d.createElement('div'):c,k=d.createElement('div'),h=this.options,o,m,q,n,l,p=OOo?OOo.fcp?OOo.fcp:false:false,u=h?h.events.prompt.assetType?h.events.prompt.assetType:'custom':'',r,t=d.activeElement,x,v,s,A,B=h.events.prompt.pathToAssets?h.events.prompt.pathToAssets:L(p,u);x=h.screenReaderYes?h.screenReaderYes:'This will open a new window';v=h.screenReaderNo?h.screenReaderNo:'Close dialog';s=h.screenReaderClose?h.screenReaderClose:'Close dialog';k.id='oo_entry_overlay';g.id='oo_container';g.style.visibility='hidden';if(typeof c==='string'){g.innerHTML=c;d.body.appendChild(g)}g.appendChild(k);q=OOo.$('#oo_launch_entry_prompt');n=OOo.$('#oo_entry_no_thanks');l=OOo.$('#oo_entry_close_prompt');r=OOo.$('#oo_entry_company_logo');if(!OOo.$('#oo_entry_no_thanks > span.screen_reader')){var z=document.createElement("SPAN");z.setAttribute("class","screen_reader");n.appendChild(z)}else{var z=OOo.$('#oo_entry_no_thanks > span.screen_reader')}var C=OOo.$('#oo_launch_entry_prompt > span.screen_reader');var w=OOo.$('#oo_entry_close_prompt > div.screen_reader');if(h.events.prompt.companyLogo&&h.events.prompt.companySlogan){var y=h.events.prompt.companyLogo.split('/');var D=y[y.length-1];o=new Image();o.onerror=function(){this.parentNode.removeChild(this)};o.src=B+D;o.alt=h.events.prompt.companySlogan;r.appendChild(o)}h.events.prompt.companySlogan?OOo.$('#oo_entry_prompt').setAttribute('aria-label',h.events.prompt.companySlogan):'We value your opinion!';footerBranding=document.createElement('p');footerBranding.innerText='Powered by Verint Experience Cloud';OOo.$('#ol_entry_brand_logo').appendChild(footerBranding);C.innerHTML=x;z.innerHTML=v;w.innerHTML=s;l.setAttribute('aria-label',s);var H=OOo.hidePrompt.bind(this,Event,t,(this.options.callBacks&&this.options.callBacks.noClick)?this.options.callBacks.noClick:null);var I=OOo.hidePrompt.bind(this,Event,t,(this.options.callBacks&&this.options.callBacks.closeClick)?this.options.callBacks.closeClick:null);var K=[f.bind(this),H,I];var bM=[q,n,l];OOo.attachEventToPromptButtons(bM,K);OOo.ooTrapFocus(OOo.$('#oo_entry_prompt'));OOo.addEventListener(q,'keyup',function(a){var b=a||window.event;if(b.keyCode!==13){return}f.bind(this)}.bind(this),false);OOo.addEventListener(n,'keyup',function(a){var b=a||window.event;if(b.keyCode!==13){return}OOo.hidePrompt(b,t)},false);OOo.addEventListener(l,'keyup',function(a){var b=a||window.event;if(b.keyCode!==13){return}OOo.hidePrompt(b,t)},false);OOo.addEventListener(g,'keyup',function(a){var b=a||window.event;if(b.key==="Escape"||b.key==="Esc"){OOo.hidePrompt(b,t)}else{return}},false);if(this.options&&this.options.callBacks&&this.options.callBacks.prompt){this.options.callBacks.prompt()}g.style.visibility='visible';g.style.display='block';k.className='no_loading';t.blur();q.focus()}var bN=function(a,b,c,f){var d="width="+c;var g="height="+f;var k=window.open(a,b,d,g);var h=window.setInterval(function(){if(k.closed!==false){window.clearInterval(h);OOo.oo_feedback.launchOOPopup()}},200)};var bO=function(){return/MSIE\s/.test(navigator.userAgent)&&parseFloat(navigator.appVersion.split("MSIE")[1])<10};var bP=function(c,f){if(OOo.Browser.isMobile){if('ontouchstart'in window){c.ontouchstart=function(a){var b=a||window.event;if(b.preventDefault&&b.stopPropagation){b.preventDefault();b.stopPropagation()}else{b.returnValue=false}this.options.touches++}.bind(this);c.ontouchend=function(a){var b=a||window.event;if(this.options.touches>=this.options.mobileTouches){this.show(b);this.options.touches=0}}.bind(this)}else{c.onclick=function(a){var b=a||window.event;this.show(b)}.bind(this);X(f,c,this)}}else{c.onclick=function(a){var b=a||window.event;this.show(b)}.bind(this);X(f,c,this)}};function X(b,c,f){if(b){OOo.addEventListener(c,'keyup',function(a){evt=a||window.event;if(evt.keyCode!==13){return}f.show(evt)}.bind(f),false)}else{return}}function J(a,b){b=b||{bubbles:false,cancelable:false,detail:undefined};var c=document.createEvent('CustomEvent');c.initCustomEvent(a,b.bubbles,b.cancelable,b.detail);return c}var bQ=function(){if(typeof window.OOCustomEvent==='undefined'){try{(function(){J.prototype=window.Event.prototype;window.OOCustomEvent=J})();history.pushState=function(b){return function c(){var a=b.apply(this,arguments);window.dispatchEvent(new J('oospachange'));return a}}(history.pushState);history.replaceState=function(b){return function c(){var a=b.apply(this,arguments);window.dispatchEvent(new J('oospachange'));return a}}(history.replaceState);window.addEventListener('popstate',function(){window.dispatchEvent(new J('oospachange'))})}catch(e){}}};function bR(h){var o=h.querySelectorAll('a[href]:not([disabled]), button:not([disabled])');var m=Array.prototype.slice.call(o);var q=o[0];var n=o[o.length-1];var l=9;var p=0;OOo.addEventListener(h,'keydown',function(a){var b=m.indexOf(document.activeElement);var c=a||window.event;var f=(c.key==="Up"||c.key==="ArrowUp"||c.keyCode===38);var d=(c.key==="Down"||c.key==="ArrowDown"||c.keyCode===40);var g=(c.key==='Tab'||c.keyCode===l);var k=(d||f);if(!g&&!k){return}if(c.shiftKey){if(g){if(document.activeElement===q){n.focus();if(c.preventDefault){c.preventDefault()}else{c.returnValue=false}}}}else{if(k){if(f){c.preventDefault();p=b>0?b-1:m.length-1;o[p].focus()}else if(d){c.preventDefault();p=b+1<m.length?b+1:0;o[p].focus()}}else if(g){if(document.activeElement===n){q.focus();if(c.preventDefault){c.preventDefault()}else{c.returnValue=false}}}}})}Y(OOo,{extend:Y,toQueryString:N,addEventListener:bn,$:bl,$$:bm,appendOOForm:bs,removeEventListener:bo,createMetrics:bt,truncateMetric:bu,createLegacyVars:bv,DYNAMIC_FRAME_NAME_IS_BUGGY:bx,getFormParams:W,referrerRewrite:bw,hidePrompt:bD,getPrompt:bH,showPrompt:bI,hideWaypoint:bz,getWaypoint:bA,showWaypoint:bB,getEntryPrompt:bJ,showEntryPrompt:bL,exitChat:bN,checkIfIE9orBelow:bO,removeCharacters:E,addCustomSpaEvent:bQ,getValFromPath:M,attachEventToWrapper:bP,convertFunctionToObject:R,collectKeyNames:S,collectValueNames:T,checkPrimitiveType:bc,prepareCVFunctionValue:bb,removeParens:ba,assignKeyValue:be,evalCustomVars:bq,runFnWithArgs:bd,OOCustomEvent:J,keyPressLaunchCard:X,attachEventToPromptButtons:bK,removeContainerFromDom:bi,invokeCallback:bj,callYesCallback:bS,convertToEFMParams:bg,dispatchOOEvent:bC,assessPagesHit:bE,incrementPagesHit:bG,setRepromptAndLaunch:bF,removeMetrics:U,assign:Z,createFriendlyDateTime:V,ooTrapFocus:bR,ariaHide:G,ariaShow:Q,ariaProcessEls:P,DOMWatcher:O,getDOMElems:F,getFirstExistingElement:by,checkGateway:bp,getPathToAssets:L,determineIconFileNameAndLocation:bT,focusWaypointLink:bh})}());(function(){function g(a){if(!a){return null}switch(typeof a){case'number':case'boolean':case'function':return a;case'string':return'\"'+a+'\"';case'object':var b,c,f,d;if(a.constructor===Array||typeof a.callee!=='undefined'){b='[';f=a.length;for(c=0;c<f-1;c+=1){b+=g(a[c])+','}b+=g(a[c])+']'}else{b='{';for(d in a){if(a.hasOwnProperty(d)){b+=d+':'+g(a[d])+','}}b=b.replace(/\,$/,'')+'}'}return b;default:return null}}OOo.extend(OOo,{serialize:g})}());(function(){function d(a,b,c){var f;if(a.search(b[0])!==-1){OOo.createCookieOrStorage(this.options,c,0);return false}else if(OOo.readCookieOrStorage(this.storage,c)){f=parseInt(OOo.readCookieOrStorage(this.options,c),10);if((a.search(b[f+1])!==-1)&&(f+1!==b.length-1)){OOo.createCookieOrStorage(this.options,c,f+1);return false}else if(a.search(b[f])!==-1){return false}else if(f+1===b.length-1&&a.search(b.pop())!==-1){OOo.eraseCookieOrStorage(this.options,c);return true}else{OOo.eraseCookieOrStorage(this.options,c);return false}}else{return false}}OOo.extend(OOo,{checkTunnel:d})}());(function(){function h(a,b){if(!b){b=location}var c=a.cookieName||'oo_abandon',f=OOo.readCookieOrStorage(this.options,c),d=a.startPage,g=a.endPage,k=a.middle;if(!f){if(b.pathname.indexOf(d)!==-1){OOo.createCookieOrStorage(this.options,c)}return false}else if(b.pathname.indexOf(g)!==-1){OOo.eraseCookieOrStorage(this.options,c);return false}else if(b.pathname.search(k)!==-1){return false}else{OOo.eraseCookieOrStorage(this.options,c);return true}}OOo.extend(OOo,{checkAbandonment:h})}());(function(){function f(a){var b,c;for(b=a.length-1;b>=0;b-=1){if(a[b].read){c=OOo.readCookieOrStorage(this.options,a[b].name);if(!!c&&c===a[b].value){return true}else if(typeof a[b].value==='undefined'&&!!OOo.readCookieOrStorage(this.options,a[b].name)){return true}}}return false}function d(a){var b;for(b=a.length-1;b>=0;b-=1){if(a[b].set){OOo.createCookieOrStorage(this.options,a[b].name,a[b].value,a[b].expiration)}}}OOo.extend(OOo,{checkThirdPartyCookies:f,setThirdPartyCookies:d})}());OOo.extend(Function.prototype,(function(){if(typeof Function.prototype.bind!=="undefined"){return}var d=Array.prototype.slice;function g(a,b){var c=a.length,f=b.length;while(f){f-=1;a[c+f]=b[f]}return a}function k(a,b){a=d.call(a,0);return g(a,b)}function h(b){if(arguments.length<2&&typeof b==="undefined"){return this}var c=this,f=d.call(arguments,1);return function(){var a=k(f,arguments);return c.apply(b,a)}}return{bind:h}}()));(function(){function k(){var a=location;var b;if(a.host.search(/\.[a-z]+/)!==-1){b=a.host.split('.').reverse();if(b.length>3){return a.host}b='.'+b[1]+'.'+b[0]}else{b=a.host}return b}function h(a,b,c,f){var d='',g='';if(c){d=new Date();d.setTime(d.getTime()+(c*1000));g="; expires="+d.toGMTString()}a=OOo.removeCharacters(a);b=OOo.removeCharacters(b);g=OOo.removeCharacters(g);if(f){f=OOo.removeCharacters(f);document.cookie=a+"="+b+g+"; path=/; domain="+f+";"}else if(location.host!==k()){document.cookie=a+"="+b+g+"; path=/; domain="+k()+";"}else{document.cookie=a+"="+b+g+"; path=/;"}}function o(a){var b=a+"=",c=document.cookie.split(';'),f,d;for(d=0;d<c.length;d+=1){f=c[d];while(f.charAt(0)===' '){f=f.substring(1,f.length)}if(f.indexOf(b)===0){return f.substring(b.length,f.length)}}return null}function m(a){h(a,"",-1)}function q(a,b,c,f,d){var b=b||'',c=c||'',f=f||0;a.useBrowserStorage?(OOo.createBrowserStorageItem(b,c,f)):(OOo.createCookie(b,c,f,d))}function n(a,b){return a.useBrowserStorage?(OOo.readBrowserStorageItem(b)):(OOo.readCookie(b))}function l(a,b){a.useBrowserStorage?(OOo.eraseLocalStorageItem(b)):(OOo.eraseCookie(b))}function p(){var a="oo_test";try{localStorage.setItem(a,a);localStorage.removeItem(a);return true}catch(e){return false}}function u(){var a="oo_test";try{sessionStorage.setItem(a,a);sessionStorage.removeItem(a);return true}catch(e){return false}}function r(a,b,c){var f=(new Date()).getTime(),c=c||0;if(u&&(typeof c==="undefined"||c===0)){sessionStorage.setItem(a,JSON.stringify({oo_val:b,dateSet:f}));return}else{if(p){localStorage.setItem(a,JSON.stringify({oo_val:b,dateSet:f,dateExpire:(c*1000)}))}}}function t(a){var b=JSON.parse(sessionStorage.getItem(a)),c=JSON.parse(localStorage.getItem(a));if(b&&b.oo_val){return b.oo_val}else if(c&&((new Date()).getTime()>=(c.dateSet+c.dateExpire))){localStorage.removeItem(a);return null}else{if(c&&c.oo_val){return c.oo_val}else{return null}}}function x(a){if(p){if(localStorage.getItem(a)){localStorage.removeItem(a)}}}OOo.extend(OOo,{getCookieDomain:k,createCookie:h,readCookie:o,eraseCookie:m,createBrowserStorageItem:r,readBrowserStorageItem:t,eraseLocalStorageItem:x,createCookieOrStorage:q,readCookieOrStorage:n,eraseCookieOrStorage:l})}());OOo.Ocode=function(b){var c=OOo.Browser,f,d;var g=this;if(b.disableMobile&&c.isMobile){return}if(b.disableDesktop&&c.isDesktop){return}if(b.disableNoniOS&&c.isMobileNonIOS){return}OOo.instanceCount+=1;this.options={tealeafCookieName:'TLTSID'};OOo.extend(this.options,b);f=this.options;if(f.spa||OOo.spa){OOo.addCustomSpaEvent()}f.metrics=OOo.createMetrics();this.frameName=encodeURIComponent(f.onPageCard?'OnlineOpinion'+OOo.instanceCount:'OnlineOpinion');if(f.cookie&&OOo.Ocode.matchUrl.call(this,f.cookie,location)){if((f.spa||OOo.spa)&&f.events){OOo.addEventListener(window,'oospachange',function k(){if(f.cookie&&OOo.Ocode.matchUrl.call(g,f.cookie,location)){return}g.setUpAndDisableEventsElements(f,g)})}return}if(f.thirdPartyCookies&&OOo.checkThirdPartyCookies(f.thirdPartyCookies)){return}if(f.abandonment&&!OOo.checkAbandonment(f.abandonment)){return}if(f.tunnel&&!OOo.checkTunnel(location.pathname,f.tunnel.path,f.tunnel.cookieName)){return}if(f.events&&f.events.onSingleClick){this.singProbability=Math.random()<1-f.events.onSingleClick/100}else if(f.events&&!f.events.onSingleClick&&f.events.onSingleClick<1){this.singProbability=true}f.tealeafId=OOo.readCookieOrStorage(f,f.tealeafCookieName)||OOo.readCookieOrStorage(f,f.sessionCookieName);if(f.events){if((f.spa||OOo.spa)&&f.events.onEntry){OOo.addEventListener(window,'oospachange',function k(){if(f.cookie&&OOo.Ocode.matchUrl.call(g,f.cookie,location)){return}g.setUpAndDisableEventsElements(f,g)})}this.setUpAndDisableEventsElements(f,g);if((f.spa||OOo.spa)&&f.events.onExit){OOo.addEventListener(window,'oospachange',function h(a){OOo.removeEventListener(window,'oospachange',h);if(OOo.Browser.Opera){OOo.removeEventListener(window,'beforeunload',a.boundShow)}else if(OOo.Browser.iOs){OOo.removeEventListener(window,'pagehide',a.boundShow)}else{OOo.removeEventListener(window,'beforeunload',a.boundShow)}OOo.removeEventListener(document.body,'mousedown',a.boundDisable);OOo.removeEventListener(document.body,'keydown',a.boundDisable)})}}if(f.floating){this.floating()}else if(f.bar){this.bar()}else if(f.tab){this.tab()}};function bU(a,b){b.setupEvents();if(a.events.disableLinks||a.events.disableFormElements||a.events.disableSelectors){b.setupDisableElements()}}function bS(a){if(a.callBacks&&a.callBacks.yesClick){a.callBacks.yesClick()}}function bT(a,b,c,f){var d,g,k=a?a.search(/\//)>-1:false,h=a?a.search(/^.*\.(jpg|gif|png|svg|jpeg|tiff)$/gi)>-1:false;if(a&&k&&h){return a}else if(a&&!k&&h){d=a;return OOo.getPathToAssets(b,'custom')+d}else if(!a||(a&&!k&&!h)){g=c?c=='custom'?'custom':f:f;d='oo_icon_'+g+'.gif';return OOo.getPathToAssets(b,c)+d}else{return}}OOo.Ocode.prototype={show:function(d,g){var k=d||window.event;if(g!=='exit'&&g!=='entry'&&g!=='onSingleClick'){if(k.preventDefault&&k.stopPropagation){k.preventDefault();k.stopPropagation()}else{k.returnValue=false}}if(this.onPageCardVisible){return}var h=this.options,o;if(h.events&&h.events.prompt){if(h.cookie)OOo.eraseCookieOrStorage(h,h.cookie.name||'oo_r');OOo.callYesCallback(h);OOo.hidePrompt(k)}if(this.interruptShow){return}if(!this.floatingLogo&&h.cookie&&OOo.Ocode.matchUrl.call(this,h.cookie)){return}if(!h.floating&&h.events&&this.singProbability){return}if(h.events&&h.events.onSingleClick){this.singProbability=true}if(h.cookie){OOo.Ocode.tagUrl.call(this,h.cookie)}if(h.thirdPartyCookies){if(OOo.checkThirdPartyCookies(h.thirdPartyCookies)){return}OOo.setThirdPartyCookies(h.thirdPartyCookies)}if(this.floatingLogo){this.floatingLogo.children[0].blur()}if(this.floatingLogo&&h.disappearOnClick){this.floatingLogo.style.display='none'}if(typeof window.ClickTale==='function'){if(!h.clickTalePID){h.clickTalePID=window.ClickTaleGetPID()||null}h.clickTaleUID=window.ClickTaleGetUID()||null;h.clickTaleSID=window.ClickTaleGetSID()||null;var m=function(a){if(a.origin==='https://secure.opinionlab.com'){if(typeof window.ClickTaleEvent==='function'&&a.data!==''){var b=JSON.parse(a.data),c=window.ClickTaleEvent;for(var f in b){c(f+':'+b[f])}}}};OOo.addEventListener(window,'message',m,false)}OOo.dispatchOOEvent('OL_CC_Launch');if(h.onPageCard&&!OOo.Browser.isMobile){this.setupOnPageCC()}else{this.launchOOPopup()}if(typeof h.onClickCallback==='function'){h.onClickCallback()}}};OOo.extend(OOo.Ocode,{tagUrl:function(a,b){if(!b){b=location}var c=a.name||'oo_r',f=a.type==='page'?b.href:b.hostname,d=OOo.readCookieOrStorage(this.options,c)||'';if(OOo.Ocode.matchUrl.call(this,a,b)){return}OOo.createCookieOrStorage(this.options,c,d+f,a.expiration,a.domain)},matchUrl:function(a,b){if(!b){b=location}var c=OOo.readCookieOrStorage(this.options,a.name||'oo_r'),f;if(!c){return false}f=a.type==='page'?b.href:b.hostname;return c.search(f)!==-1}});(function(){var o=0;function m(){var a=this.options,b=a.newWindowSize||[545,325],c=[parseInt((a.metrics.height-b[1])/2,10),parseInt((a.metrics.width-b[0])/2,10)],f,d,g='resizable=yes,location=no,status=no,scrollbars=1,width='+b[0]+',height='+b[1]+',top='+c[0]+',left='+c[1],k='OnlineOpinion',h;if(a.newWindow){k=k+(o++)}a.metrics.time2=(new Date()).getTime();a.metrics.type='Popup';a.metrics.currentURL=location.href;if(OOo.Browser.isChromeIOS){k='_0'}if(OOo.Browser.isSafariDesktop){a.constructCommentCardUrl=true}if(a.constructCommentCardUrl){h=OOo.appendOOForm(a,k);d=window.open(h,k,g)}else{f=OOo.appendOOForm(a,k);var h='https://secure.opinionlab.com/ccc01/comment_card_d.asp?'+f.children[0].value;if(a.commentCardUrl){h=a.commentCardUrl+'?'+f.children[0].value}if((OOo.Browser.isMobile&&OOo.Browser.ua.search('Android')!==-1)||!OOo.Browser.isMobile){d=window.open(h,k,g);f.submit()}else{d=window.open('',k,g);if(d.location.href==='about:blank'){d.location.href=h}else{d.close();d=window.open(h,k,g)}if(d&&!OOo.Browser.isChromeIOS){f.submit()}}}}OOo.extend(OOo.Ocode.prototype,{launchOOPopup:m})}());(function(){function q(){var c=this.options.events,f=[false,false],d=['onExit','onEntry'],g='beforeunload',k,h,o,m;if(OOo.Browser.Opera){g='unload'}if(OOo.Browser.iOs){g='pagehide'}if(c.prompt){OOo.extend(this.options,{promptMarkup:c.prompt.promptMarkup,neverShowAgainButton:false,pathToAssets:c.prompt.pathToAssets})}for(h=d.length-1;h>=0;h-=1){k=d[h];if(c[k]instanceof Array){o=c[k];m=o.length;while(m&&!f[h]){m-=1;if(window.location.href.search(o[m].url)!==-1&&Math.random()>=1-o[m].p/100){f[h]=true;this.qualified=true}else{this.qualified=false;n(this)}}}else if(c[k]){if(Math.random()>=1-c[k]/100){f[h]=true;this.qualified=true}else{this.qualified=false;n(this)}}}if(f[0]){this.showOnUnload=function(a){var b=a||window.event;this.show(b,'exit')}.bind(this);this.boundShow=this.showOnUnload.bind(this);OOo.addEventListener(window,g,this.boundShow,false)}if(f[1]){if(c.delayEntry){n(this)}else{if(c.prompt){this.getEntryPrompt()}else{(function(a){var b=a||window.event;this.show(b,'entry')}).bind(this)()}}}}function n(a){var b=a.options.events;if(b.terminateOnSpaChange&&(typeof b.terminateOnSpaChange==='object'||typeof b.terminateOnSpaChange==='string')){var c=a.handleTimer('terminate',a)}if(c){return}if(b.enableOnSpaChange||b.enableOnSpaChange===false){if(typeof b.enableOnSpaChange!=='boolean'){a.handleTimer('enable',a)}else if(b.enableOnSpaChange===false){if(typeof b.cancelOnSpaChange==='undefined'){a.options.events.cancelOnSpaChange=true}a.handleTimer('cancel',a)}else if(b.enableOnSpaChange===true){a.handleTimer('enable',a)}}else if(b.cancelOnSpaChange||b.cancelOnSpaChange===false){if(b.cancelOnSpaChange!==false){a.handleTimer('cancel',a)}}else{a.options.events.cancelOnSpaChange=true;a.handleTimer('cancel',a)}}function l(d){this.delayRunning=true;d.entryDelayTimer=window.setTimeout(function(c){if(d.options.cookie&&OOo.Ocode.matchUrl.call(d,d.options.cookie,location)){return}var f=c||window.event;if(this.options.events.prompt){this.getEntryPrompt()}else{(function(a){var b=a||window.event;this.show(b,'entry')}).bind(this)()}this.delayRunning=false}.bind(d),d.options.events.delayEntry*1000)}function p(a,b){var c=b.options.events;var f;switch(a){case'enable':f=c.enableOnSpaChange;state=false;break;case'cancel':f=c.cancelOnSpaChange;state=true;break;case'terminate':f=c.terminateOnSpaChange?c.terminateOnSpaChange:c.cancelOnSpaChange;state=true;break;default:state=false}if(Array.isArray(f)){for(matcher in f){if(window.location.href.search(f[matcher])>=0){return{keepTimer:!state,terminate:a==='terminate'?true:false}}}}else if(typeof f==='boolean'){return{keepTimer:!state,terminate:a==='terminate'?true:false}}else if(window.location.href.search(f)>=0){return{keepTimer:!state,terminate:a==='terminate'?true:false}}return{keepTimer:state,terminate:a==='terminate'?true:false}}function u(a,b){if(b.options.cookie&&OOo.Ocode.matchUrl.call(b,b.options.cookie,location)){return}var c=p(a,b);if(!c.keepTimer){if(b.delayRunning&&c.terminate){b.qualified=false};clearTimeout(b.entryDelayTimer);b.delayRunning=false;if(b.qualified===false&&c.terminate){return"terminate"}else if(b.qualified){b.entryTimeout(b)}}else if(b.qualified&&!b.delayRunning&&!c.terminate){b.entryTimeout(b)}}function r(a){var b=a||window.event,c=a.target||a.srcElement,f=this.options.events,d=c.parentNode,g=5,k=0;while(d&&(c.nodeName!=='A'||c.nodeName!=='INPUT')&&k!==g){if(d.nodeName==='A'){c=d}d=d.parentNode;k+=1}if(f.disableFormElements&&(c.tagName==="INPUT"||c.tagName==="BUTTON")&&(c.type==='submit'||c.type==='image'||c.type==='reset'||c.type==='button')){this.interruptShow=true}if(f.disableLinks&&(c.nodeName==='A'||c.nodeName==='AREA')&&c.href.substr(0,4)==='http'&&c.href.search(f.disableLinks)!==-1){this.interruptShow=true}}function t(a){this.interruptShow=true}function x(a){this.getDOMElemsBySelector(this.makeArrOfSelectors(this))}function v(a){var b=a.options.events.disableSelectors;return b}function s(a){if(typeof a==='object'&&a.length!==0){var b;for(i=0;i<a.length;i++){b=document.querySelectorAll(a[i]);this.addEventListenerToDOMEls(b)}}}function A(a){if(!!a){for(j=0;j<a.length;j++){OOo.addEventListener(a[j],'mousedown',t.bind(this));OOo.addEventListener(a[j],'keydown',t.bind(this))}}}function B(){this.boundDisable=r.bind(this);OOo.addEventListener(document.body,'mousedown',this.boundDisable);OOo.addEventListener(document.body,'keydown',this.boundDisable);if(this.options.events.disableSelectors){x.call(this)}if(!this.options.events.disableFormElements){return}var a=document.getElementsByTagName('form'),b;for(b=a.length-1;b>=0;b-=1){OOo.addEventListener(a[b],'submit',t.bind(this))}}OOo.extend(OOo.Ocode.prototype,{setupEvents:q,setupDisableElements:B,setUpAndDisableEventsElements:bU,disableSelectors:x,makeArrOfSelectors:v,getDOMElemsBySelector:s,addEventListenerToDOMEls:A,disableSurvey:t,checkForURLMatch:p,handleTimer:u,entryTimeout:l,getEntryPrompt:function(){OOo.getEntryPrompt.call(this)},showEntryPrompt:function(a){if(this.options.cookie){OOo.Ocode.tagUrl.call(this,this.options.cookie)}OOo.showEntryPrompt.call(this,a,this.show)}})}());OOo.extend(OOo.Ocode.prototype,{floating:function(){var f=document,d=this.floatingLogo=document.createElement('div'),g=f.createElement('div'),k=f.createElement('img'),h=f.createElement('span'),o=f.createElement('div'),m=f.createElement('button'),q=f.createElement('span'),n=this.options,l=n.floating,p=OOo.$('#'+n.contentId),u='10px',r=l.id,t=f.createElement('span'),x,v,s,A,B,z=this.options.mobileTouches||2,C=OOo.getFirstExistingElement(this.options.altParents,f.body);fcp=OOo?OOo.fcp?OOo.fcp:false:false;l.iconColor=l?l.iconColor?l.iconColor:'black':'',l.assetType=l?l.assetType?l.assetType:'static':'',floatIconPath=OOo.determineIconFileNameAndLocation(l.iconPath,fcp,l.assetType,l.iconColor);this.options.mobileTouches=this.options.mobileTouches||2;this.options.touches=0;l.icon=l.icon===undefined?true:l.icon;k.onerror=function(){this.parentNode.removeChild(this);h.className+=' no_image'};function w(a){return a.offsetLeft+a.offsetWidth}function y(a){v.style.left=w(p)+'px'}t.innerHTML=l.screenReader?l.screenReader:'This will open a new window';t.className="screen_reader";if(r){d.id=r}d.className='oo_feedback_float';o.className='oo_transparent';g.className='olUp';m.className='olOver';k.setAttribute('src',floatIconPath);k.className='float_icon';h.className='float_text';d.tabIndex=0;h.innerHTML=l.caption||'Feedback';if(l.icon){g.appendChild(k)}else{h.className+=' no_image'}g.appendChild(h);d.appendChild(t);d.appendChild(g);q.innerHTML=l.hoverCaption||'Click here to<br>rate this page';m.appendChild(q);d.appendChild(m);d.appendChild(o);if(l.position&&l.position.search(/Content/)&&p){v=this.spacer=f.createElement('div');s=OOo.Browser.WebKit?f.body:f.documentElement;v.id='oo_feedback_fl_spacer';v.style.left=w(p)+'px';C.appendChild(v);switch(l.position){case'rightOfContent':A=function(a){d.style.left=(w(p)-s.scrollLeft)+'px'};break;case'fixedPreserveContent':A=function(a){var b=OOo.Browser.IE?f.body.clientWidth:window.innerWidth,c=s.scrollLeft;if(b<=w(p)+d.offsetWidth+parseInt(u,10)){d.style.left=(w(p)-c)+'px'}else{d.style.left='';d.style.right=u}};break;case'fixedContentMax':A=function(a){var b=OOo.Browser.IE?f.body.clientWidth:window.innerWidth;if(b<=w(p)+d.offsetWidth+parseInt(u,10)){d.style.left='';d.style.right=u}else{d.style.left=(w(p)-s.scrollLeft)+'px';d.style.right=''}};break}window.setTimeout(A,0);OOo.addEventListener(window,'scroll',A,false);OOo.addEventListener(window,'resize',A,false);OOo.addEventListener(window,'resize',y,false)}else{d.style.right=u}if(!this.options.disableShow){OOo.attachEventToWrapper.call(this,d,true)}C.appendChild(d)}});OOo.extend(OOo.Ocode.prototype,{bar:function(){var a=document,b=this.floatingLogo=a.createElement('button'),c=a.createElement('span'),f=this.options,d=f?f.bar?f.bar:undefined:undefined,g=a.createElement('img'),k=a.createElement('span'),h=OOo.getFirstExistingElement(this.options.altParents,a.body);fcp=OOo?OOo.fcp?OOo.fcp:false:false;d.assetType=d?d.assetType?d.assetType:'static':'',d.iconColor=d?d.iconColor?d.iconColor:'white':'',barIconPath=OOo.determineIconFileNameAndLocation(d.iconPath,fcp,d.assetType,d.iconColor);f.mobileTouches=f.mobileTouches||2;f.touches=0;d.icon=d.icon===undefined?true:d.icon;c.innerHTML=d.screenReader?d.screenReader:'This will open a new window';c.className='screen_reader';g.className='bar_icon';g.onerror=function(){this.parentNode.removeChild(this)};g.setAttribute('src',barIconPath);k.className='bar_text';this.reflowBar=OOo.K;b.id='oo_bar';b.setAttribute('tabindex','0');b.setAttribute('role','link');k.innerHTML=d.caption||'Feedback';b.appendChild(k);b.appendChild(c);if(d.icon){b.appendChild(g)}if(!f.disableShow){OOo.attachEventToWrapper.call(this,b)}h.appendChild(b)}});OOo.extend(OOo.Ocode.prototype,{tab:function(){var a=document,b=this.floatingLogo=a.createElement('button'),c=a.createElement('span'),f=this.options,d=f.tab,g='Feedback',k=d.tabType,h='right',o=false,m=OOo.readCookieOrStorage(f,'oo_tab_extend'),q=2592000,n=OOo.getFirstExistingElement(this.options.altParents,a.body);tabImg=document.createElement('img'),fcp=OOo?OOo.fcp?OOo.fcp:false:false;d.assetType=d?d.assetType?d.assetType:'static':'',d.iconColor=d?d.iconColor?d.iconColor:'white':'',tabIconPath=OOo.determineIconFileNameAndLocation(d.iconPath,fcp,d.assetType,d.iconColor);this.options.mobileTouches=this.options.mobileTouches||2;this.options.touches=0;f.icon=f.icon==undefined?true:f.icon;switch(k){case 1:b=this.floatingLogo=a.createElement('button');c=a.createElement('span');b.setAttribute('tabindex','0');b.setAttribute('role','link');b.id='oo_tab_'+k;if(d.position){h=d.position}if(d.extendEveryPage){o=d.extendEveryPage}if(d.extendExpiration){q=d.extendExpiration}b.className=tabClass='oo_tab_'+h+'_'+k;c.className='screen_reader';tabImg.className='tab_icon';if(typeof d.tabIndex==='number'){b.tabIndex=d.tabIndex}else{b.tabIndex=0}if(d.verbiage){g=d.verbiage}b.innerHTML=g;c.innerHTML=d.screenReader?d.screenReader:'This will open a new window';b.appendChild(c);if(o){setTimeout(function(){b.className+=' small'},2500)}else{if(m==='prevent'){b.className+=' small'}else{var l;if(f.cookie&&f.cookie.domain){l=f.cookie.domain}else{l=OOo.getCookieDomain()}OOo.createCookieOrStorage(f,'oo_tab_extend','prevent',q,l);setTimeout(function(){b.className+=' small'},2500)}}break;default:b=this.floatingLogo=a.createElement('button');b.id='oo_tab';b.className='oo_tab_'+(d.position||h);b.setAttribute('tabindex','0');b.setAttribute('role','link');if(!document.addEventListener||OOo.checkIfIE9orBelow()){b.className+=' oo_legacy'}if(d.wcagBasePath){b.className+=' wcag'}if(d.verbiage){g=d.verbiage}var p=document.createElement("textarea");p.innerHTML=g;g=p.value;var u=document.createTextNode(g);b.appendChild(u);if(c){c.className='screen_reader';c.innerHTML=d.screenReader?d.screenReader:'This will open a new window';b.appendChild(c)}}d.icon=d.icon===undefined?true:d.icon;if(d.icon){tabImg.setAttribute('src',tabIconPath);tabImg.setAttribute('alt',d.logoAltText||'OpinionLab Logo');b.appendChild(tabImg);tabImg.onerror=function(){this.parentNode.removeChild(this)}}if(!this.options.disableShow){OOo.attachEventToWrapper.call(this,b)}n.appendChild(b)}});OOo.extend(OOo.Ocode.prototype,{setupOnPageCC:function(){var d=document,g=OOo.Cache.overlay||d.createElement('div'),k=this.wrapper=d.createElement('div'),h=d.createElement('a'),o=OOo.Cache.loadingImg||d.createElement('img');OOo.Cache.overlay=g;OOo.Cache.loadingImg=o;g.id='oo_overlay';o.id='loading_icon';var m=OOo?OOo.fcp?OOo.fcp:false:false,q=d.createElement('div'),n=d.createElement('span'),l=encodeURIComponent(this.frameName),p=d.createElement(OOo.DYNAMIC_FRAME_NAME_IS_BUGGY?'<iframe name="'+l+'">':'iframe'),u=d.createDocumentFragment(),r=this.options,t=r.onPageCard,x=r.onPageCardHeight,v,s='https://secure.opinionlab.com/ccc01/comment_card_json_4_0_b.asp',A,B,z=false,C=this,w,y,D,H=d.createElement('span');p.setAttribute('sandbox','allow-forms allow-scripts allow-same-origin allow-popups-to-escape-sandbox allow-popups');var t=r.onPageCard;if(r.events){if(r.events.prompt){v=r.events}else{v=undefined}}else if(r.bar){v=r.bar}else if(r.tab){v=r.tab}else if(r.floating){v=r.floating}else{v=undefined}var I=v?v.assetType?v.assetType:'static':'';o.setAttribute('src',OOo.getPathToAssets(m,'static')+'oo_loading.gif');function K(a){OOo.ariaShow(OOo.getDOMElems());if(a&&a.preventDefault){a.preventDefault()}document.body.focus();p.tabIndex=-1;p.title="empty";p['aria-hidden']='true';g.style.display='none';g.className='';d.body.removeChild(k);if(window.postMessage){OOo.removeEventListener(window,'message',w)}else{window.clearInterval(B)}z=false;C.onPageCardVisible=false;return false}w=OOo.Ocode.postMessageHandler(function(a){var b=typeof a==='object'?parseInt(a[1],10):parseInt(a,10),c,f;if(b>0){if(z&&(typeof a!=='object'||a[0]!=='frameHeightOverride')){return}z=true;c=window.innerHeight||d.documentElement.clientHeight||d.body.clientHeight;f=b;D=k.offsetTop;if(f+D>c){f=c-40-D}f=x?x:f;p.style.width='555px';q.style.width='555px';p.style.height=f+'px';k.style.top=(c-f-40)/2+'px';k.style.visibility='visible';if(n.clientHeight<20){n.style.height=k.offsetHeight+'px'}g.className="no_loading";C.onPageCardVisible=true;(typeof document.forms[0]!=='undefined')&&d.body.removeChild(A)}else if(a==='submitted'){K()}if(OOo.Browser.IE&&d.compatMode==="BackCompat"){window.scrollTo(0,0)}},C.options.commentCardUrl);r.metrics.type='OnPage';OOo.Cache.overlay=g;g.id='oo_overlay';g.style.display='block';g.className='';q.className='iwrapper';k.className='oo_cc_wrapper';o.className='loading_icon';k.setAttribute('role','alert');k.setAttribute('aria-describedby','comment_card_description');H.className='screen_reader';H.id='comment_card_description';H.innerHTML='Please leave your feedback in the comment card you just activated';k.appendChild(H);h.className='oo_cc_close';h.innerHTML='<span class="screen_reader">Close dialog</span><span aria-hidden="true">&#10006;</span>';h.title=r.closeTitle?r.closeTitle:'Close dialog';if(!d.addEventListener){q.style.outline='1px solid #cdcdcd'}k.style.visibility='hidden';h.tabIndex=0;OOo.addEventListener(h,'keyup',function(a){var b=a||window.event;if(b.keyCode!==13){return}K()},false);if(OOo.Browser.IE){p.frameBorder='0';if(!window.XMLHttpRequest||d.compatMode==="BackCompat"){y=Math.max(d.documentElement.clientWidth,d.body.offsetWidth);g.style.position='absolute';g.style.width=d.compatMode==="BackCompat"?(y-21)+'px':y+'px';g.style.height=Math.max(d.documentElement.clientHeight,d.body.offsetHeight)+'px';k.style.position='absolute';OOo.addEventListener(window,'scroll',function(){g.style.top=(d.body.scrollTop+document.body.clientHeight-g.clientHeight)+'px';k.style.top=(d.body.scrollTop+D+25)+'px'})}}OOo.addEventListener(h,'click',K);if(t.closeWithOverlay&&!OOo.Browser.isMobile){k.appendChild(n);n.onclick=K;g.onclick=K}p.src=' ';p.name=l;p.title='Comment Card';OOo.ariaHide(OOo.getDOMElems());q.appendChild(h);q.appendChild(p);k.appendChild(q);u.appendChild(k);g.appendChild(o);u.appendChild(g);d.body.appendChild(u);if(window.postMessage){OOo.addEventListener(window,"message",w)}else{B=setInterval(w,500)}r.metrics.time2=(new Date()).getTime();r.metrics.currentURL=location.href;if(r.constructCommentCardUrl){p.setAttribute('src',OOo.appendOOForm(r,l))}else{A=OOo.appendOOForm(r,l);A.submit()}}});OOo.extend(OOo.Ocode,{postMessageHandler:function(f,d,g){return function(a){var b='https://secure.opinionlab.com',c;if(!g){g=location}if((a&&!(a.origin===b||a.origin.indexOf(d)!==0))||(!a&&g.hash.search('OL=')===-1)){return false}c=a?a.data:g.hash.split('=').pop();if(!a&&location.hash){location.hash=''}f(c);return c}}});OOo.Invitation=function(c){var f=OOo.Browser;this.options={tunnelCookie:'oo_inv_tunnel',repromptTime:604800,responseRate:50,useBrowserStorage:false,repromptCookie:'oo_inv_reprompt',promptMarkup:'oo_inv_prompt.html',promptStyles:'oo_inverstitial_style.css',percentageCookie:'oo_inv_percent',pagesHitCookie:'oo_inv_hit',cookieDomain:'',popupType:'popunder',promptDelay:0,neverShowAgainButton:false,loadPopupInBackground:false,truncatePrevCurrentMetrics:false,disablePrevCurrentMetrics:false,tealeafCookieName:'TLTSID',monitor:{monitorWindow:'oo_inv_monitor.html'},companySlogan:'We value your opinion',beforePrompt:OOo.K,callBacks:{prompt:'',yesClick:'',noClick:'',closeClick:''},inviteMarkup:"<div id='oo_invitation_prompt' aria-modal='true' role='dialog' aria-describedby='oo_invite_message'><div id='oo_invitation_company_logo'></div><div id='oo_invite_content'><p id='oo_invite_message'>After your visit, would you be willing to provide some quick feedback?<br /><br />(It will only take a minute)</p><p class='prompt_button'><button type='button' tabindex='0' id='oo_launch_prompt'>Yes<span class='screen_reader'>This will open a new window</span></button></p><p class='prompt_button'><button type='button' tabindex='0' id='oo_no_thanks'>No Thanks<span class='screen_reader'>Close dialog</span></button></p><p id='ol_invitation_brand_logo'></p></div><button type='button' id='oo_close_prompt' tabindex='0' aria-label='Close dialog'><div class='screen_reader'>Close dialog</div><span aria-hidden='true'>&#10006;</span></button></div><!--[if IE 8]><style>/* IE 8 does not support box-shadow */#oo_invitation_prompt #oo_invite_content { width: 400px; padding: 40px 49px 20px 49px; border: 1px solid #ccc; }</style><![endif]-->"};if(c.spa||OOo.spa){OOo.addCustomSpaEvent()}if(c.disableMobile&&f.isMobile){return}if(c.disableDesktop&&f.isDesktop){return}if(c.disableNoniOS&&f.isMobileNonIOS){return}this.popupShown=false;OOo.extend(this.options,c);var d=this.options,g=parseInt(OOo.readCookieOrStorage(d,d.pagesHitCookie),10)||0,k=OOo.removeCharacters(window.location.href),h=OOo.checkGateway('self-hosted'),o=OOo.removeCharacters(window.document.referrer),m,q=OOo.fcpEnvironment,n=OOo?OOo.fcp?OOo.fcp:false:false,l=OOo.createMetrics(),p=OOo.serialize(OOo.evalCustomVars(d)),u=false,r;OOo.Invitation.friendlyDomains=d.friendlyDomains||null;OOo.Invitation.instance=this;r=d.screenReaderMonitor?d.screenReaderMonitor:'This button will redirect this window to a comment card';var t={weight:Number(OOo.readCookieOrStorage(d,'oo_OODynamicRewrite_weight')),searchPattern:OOo.readCookieOrStorage(d,'oo_OODynamicRewrite_searchPattern'),replacePattern:OOo.readCookieOrStorage(d,'oo_OODynamicRewrite_replacePattern')};OOo.eraseCookieOrStorage(d,'oo_OODynamicRewrite_weight');OOo.eraseCookieOrStorage(d,'oo_OODynamicRewrite_searchPattern');OOo.eraseCookieOrStorage(d,'oo_OODynamicRewrite_replacePattern');if(!window.OOoDynamicRewrite||window.OOoDynamicRewrite.weight<t.weight){window.OOoDynamicRewrite=t}if(window.OOoDynamicRewrite&&('number'===typeof window.OOoDynamicRewrite.weight)&&!isNaN(window.OOoDynamicRewrite.weight)){OOo.createCookieOrStorage(d,'oo_OODynamicRewrite_weight',window.OOoDynamicRewrite.weight,'',d.cookieDomain);if(window.OOoDynamicRewrite.searchPattern){OOo.createCookieOrStorage(d,'oo_OODynamicRewrite_searchPattern',window.OOoDynamicRewrite.searchPattern,'',d.cookieDomain)}if(window.OOoDynamicRewrite.replacePattern){OOo.createCookieOrStorage(d,'oo_OODynamicRewrite_replacePattern',window.OOoDynamicRewrite.replacePattern,'',d.cookieDomain)}}if(location.search.search('evs')!==-1||OOo.readCookieOrStorage(d,'oo_evs_friendly')==='yes'){OOo.eraseCookieOrStorage(d,'oo_evs_friendly');d.loadPopupInBackground=true;this.launchPopup();OOo.createCookieOrStorage(d,d.repromptCookie,1,d.repromptTime===-1?0:d.repromptTime,d.cookieDomain)}setTimeout(function(){if(!window.oo_inv_monitor){return}if(d.area&&location.href.search(d.area)===-1){this.options.popupType='popup';this.launchPopup()}else if(d.goal&&location.href.search(d.goal)!==-1){window.oo_inv_monitor.close()}}.bind(this),1600);if(d.thirdPartyCookies&&OOo.checkThirdPartyCookies(d.thirdPartyCookies)){return}if(!OOo.readCookieOrStorage(d,d.percentageCookie)){OOo.createCookieOrStorage(d,d.percentageCookie,(Math.random()>1-(d.responseRate/100))?"1":"0",'',d.cookieDomain)}if(typeof d.promptTrigger!=='undefined'){if(d.promptTrigger instanceof RegExp){if(!window.location.href.match(d.promptTrigger)){return}}else if(d.promptTrigger instanceof Array){if(!OOo.checkTunnel(location.pathname,d.promptTrigger,d.tunnelCookie)){return}}}if(d.spa||OOo.spa){var x=this;x.queued=false;if(!OOo.readCookieOrStorage(d,d.repromptCookie)){g=OOo.incrementPagesHit(d,g);OOo.assessPagesHit(g,x);var v=true;setTimeout(function(){v=false},500)}OOo.addEventListener(window,'oospachange',function(){l.currentURL=location.href;if(x.options.truncatePrevCurrentMetrics){l.prev=OOo.truncateMetric(l.prev);l.currentURL=OOo.truncateMetric(l.currentURL)}if(x.options.disablePrevCurrentMetrics){l.prev='';l.currentURL=''}if(!!window.oo_inv_monitor){k=OOo.removeCharacters(window.location.href);o=OOo.removeCharacters(window.document.referrer);if(OOo.Invitation.friendlyDomains){OOo.addEventListener(document,'click',function(a){OOo.Invitation.monitorLinks(a)})}window.oo_inv_monitor.postMessage([[r,s.options.spa,s.options.referrerRewrite],l,[k,o],p,f,OOo.Invitation.friendlyDomains,window.innerHeight,window.OOoDynamicRewrite,u],m)}if(OOo.readCookieOrStorage(d,d.repromptCookie)){return}if(!v){g=parseInt(OOo.readCookieOrStorage(d,d.pagesHitCookie),10)||0;g=OOo.incrementPagesHit(d,g)}if(location.search.search('evs')!==-1||OOo.readCookieOrStorage(d,'oo_evs_friendly')==='yes'){OOo.eraseCookieOrStorage(d,'oo_evs_friendly');d.loadPopupInBackground=true;this.launchPopup();OOo.createCookieOrStorage(d,d.repromptCookie,1,d.repromptTime===-1?0:d.repromptTime,d.cookieDomain)}setTimeout(function(){if(!window.oo_inv_monitor){return}if(d.area&&location.href.search(d.area)===-1){this.options.popupType='popup';this.launchPopup()}else if(d.goal&&location.href.search(d.goal)!==-1){window.oo_inv_monitor.close()}}.bind(this),1600);if(OOo.readCookieOrStorage(d,d.repromptCookie)){return}if(d.thirdPartyCookies&&OOo.checkThirdPartyCookies(d.thirdPartyCookies)){return}if(!OOo.readCookieOrStorage(d,d.percentageCookie)){OOo.createCookieOrStorage(d,d.percentageCookie,(Math.random()>1-(d.responseRate/100))?"1":"0",'',d.cookieDomain)}if(typeof d.promptTrigger!=='undefined'){if(d.promptTrigger instanceof RegExp){if(!window.location.href.match(d.promptTrigger)){return}}else if(d.promptTrigger instanceof Array){if(!OOo.checkTunnel(location.pathname,d.promptTrigger,d.tunnelCookie)){return}}}if(x.queued){return}OOo.assessPagesHit(g,x)})}else{if(!OOo.readCookieOrStorage(d,d.repromptCookie)){g=OOo.incrementPagesHit(d,g);OOo.assessPagesHit(g,this)}}origin=document.location;if(n){if(h){m=origin.protocol+'//'+origin.host+(origin.port?origin.port:'')}else{m='https://'+q+'gateway.foresee.com'}}else{m=origin.protocol+'//'+origin.host+(origin.port?origin.port:'')}var s=this;OOo.addEventListener(window,'message',function(b){l.currentURL=location.href;if(s.options.referrerRewrite){l.referer=OOo.referrerRewrite(s.options.referrerRewrite)}if(s.options.commentCardUrl){l.referer=OOo.referrerRewrite(s.options.commentCardUrl)}if(s.options.truncatePrevCurrentMetrics){l.prev=OOo.truncateMetric(l.prev);l.currentURL=OOo.truncateMetric(l.currentURL)}if(s.options.disablePrevCurrentMetrics){l.prev='';l.currentURL=''}if(b.origin===m){if(b.data==='reconnect'){window.oo_inv_monitor=b.source;window.oo_inv_monitor.postMessage("connection forged",m);if(OOo.Invitation.friendlyDomains){OOo.addEventListener(document,'click',function(a){OOo.Invitation.monitorLinks(a)})}}if(b.data==='ready for data'){window.oo_inv_monitor.postMessage([[r,s.options.spa,s.options.referrerRewrite],l,[k,o],p,f,OOo.Invitation.friendlyDomains,window.innerHeight,window.OOoDynamicRewrite,u,'connect'],m)}if(b.data==='focus'){window.blur()}if(b.data==='monitor unload'){window.oo_inv_monitor=null}if(b.data==='heart'){if(!window.oo_inv_monitor){window.oo_inv_monitor=b.source}window.oo_inv_monitor.postMessage('beat',m)}}},false);OOo.addEventListener(window,'unload',function(){if(window.oo_inv_monitor){window.oo_inv_monitor.postMessage([[r,s.options.spa,s.options.referrerRewrite],l,[k,o],p,f,OOo.Invitation.friendlyDomains,window.innerHeight,window.OOoDynamicRewrite,u,'disconnect'],m);window.oo_inv_monitor.postMessage('parent going AWOL',m)}})};OOo.Invitation.monitorLinks=function(a){var b=a||window.event,c=a.target||a.srcElement,f;if(c.nodeName!='A'||c.href.match(location.protocol+'//'+location.hostname)||c.href.substr(0,4)!='http')return;f=friendlyDomains.length;while(f--){if(c.href.search(friendlyDomains[f])!=-1){friendlyActive=true;f=0}}if(!friendlyActive)return;if(a.preventDefault)a.preventDefault();OOo.Invitation.navigateToFriendlyDomain(c.href.search(/\?/)==-1?c.href+'?evs':c.href+'evs')};OOo.Invitation.notifyFriendlyLocationChange=function(a){if(window.oo_inv_monitor){OOo.createCookieOrStorage(opt,'oo_evs_friendly','yes','',opt.cookieDomain)}};OOo.Invitation.prototype={getPrompt:function(){OOo.getPrompt.call(this)},showPrompt:function(a){OOo.showPrompt.call(this,a,this.launchPopup)},launchPopup:function(a){if(this.popupShown){return}this.popupShown=true;var b=a||window.event;if(typeof b!=='undefined'){if(b.preventDefault&&b.stopPropagation){b.preventDefault();b.stopPropagation()}else{b.returnValue=false}}var c=this.options,f=OOo?OOo.fcp?OOo.fcp:false:false,d=c.monitor.assetType?c.monitor.assetType:'static',g=c.monitor.pathToAssets?c.monitor.pathToAssets:OOo.getPathToAssets(f,d),k=window.location.href,h=c.popupType==='popup'?'https://secure.opinionlab.com/ccc01/comment_card.asp?':g+c.monitor.monitorWindow+'?',o=[],m=c.asm?[555,500]:(OOo.Browser.Chrome?[400,400]:[400,350]),q,n,l=OOo.createMetrics(),p=OOo.readCookieOrStorage(c,c.tealeafCookieName),u;if(c.commentCardUrl){h=c.popupType==='popup'?c.commentCardUrl+'?':g+c.monitor.monitorWindow+'?'}else{h=c.popupType==='popup'?'https://secure.opinionlab.com/ccc01/comment_card.asp?':g+c.monitor.monitorWindow+'?'}if(c.clickTalePID&&window.ClickTaleGetUID&&window.ClickTaleGetSID||window.ClickTaleGetPID&&window.ClickTaleGetUID&&window.ClickTaleGetSID){p+='|'+[c.clickTalePID||window.ClickTaleGetPID(),window.ClickTaleGetUID(),window.ClickTaleGetSID()].join('/')}else{p+='|undefined/undefined/undefined'}m=c.newWindowSize||m;u='scrollbars=1,resizable=1,location=no,status=no,width='+m[0]+',height='+m[1];if(c.referrerRewrite){l.referer=OOo.referrerRewrite(c.referrerRewrite)}if(c.commentCardUrl){l.referer=OOo.referrerRewrite(c.commentCardUrl)}l.currentURL=location.href;if(c.truncatePrevCurrentMetrics){l.prev=OOo.truncateMetric(l.prev);l.currentURL=OOo.truncateMetric(l.currentURL)}if(c.disablePrevCurrentMetrics){l.prev='';l.currentURL=''}if(c.thirdPartyCookies){OOo.setThirdPartyCookies(c.thirdPartyCookies)}h+=this.buildInviteUrlParam(c,l,p);if(h.match(/\?/g).length===2)h=h.replace(/\?([^?]*)$/,'&$1');OOo.dispatchOOEvent('OL_CC_Launch');this.popup=q=window.open(h,'OnlineOpinionInvitation',u);if(!c.loadPopupInBackground&&OOo.$('#oo_container')){OOo.hidePrompt(b)}},killPrompt:function(a){var b=a||window.event;if(this.options.callBacks&&typeof this.options.callBacks.noClick==='function'){this.options.callBacks.noClick()}OOo.createCookieOrStorage(this.options,this.options.repromptCookie,1,157680000,opt.cookieDomain);OOo.hidePrompt(b)},buildInviteUrlParam:function(a,b,c){var f,d;if(a.efm&&a.popupType=='popup'){f=OOo.convertToEFMParams(a,b)+'&type=Invitation'}else{f=OOo.toQueryString(b)+'&type=Invitation';if(a.customVariables||a.efm||a.digitalBehaviorAnalytics){f+='&customVars='+encodeURIComponent(OOo.serialize(OOo.evalCustomVars(a)))}d=a.legacyVariables;f+='&custom_var='+OOo.createLegacyVars(d,c);if(a.asm){f+='&asm=2'}}return f}};OOo.extend(OOo.Invitation,{navigateToFriendlyDomain:function(a){if(a&&a.indexOf('evs')>-1){location.href=encodeURIComponent(a)}}});OOo.Waypoint=function(a){var b=OOo.Browser;if(a.disableMobile&&b.isMobile){return}if(a.disableDesktop&&b.isDesktop){return}if(a.disableNoniOS&&b.isMobileNonIOS){return}this.options={waypointMarkup:'oo_waypoint.html',companySlogan:'Give us feedback',companyLogo:'waypoint_logo.png',linkFocus:true,categories:{website:{tealeafCookieName:'TLTSID',waypointIcon:'waypoint_icon.png',buttonText:'Website'},store:{referrerRewrite:{searchPattern:/:\/\//,replacePattern:'://store.'},tealeafCookieName:'TLTSID',waypointIcon:'waypoint_icon.png',buttonText:'Store'},product:{referrerRewrite:{searchPattern:/:\/\//,replacePattern:'://product.'},tealeafCookieName:'TLTSID',waypointIcon:'waypoint_icon.png',buttonText:'Product'},other:{referrerRewrite:{searchPattern:/:\/\//,replacePattern:'://other.'},tealeafCookieName:'TLTSID',waypointIcon:'waypoint_icon.png',buttonText:'Other'}},wpmarkup:"<div id='oo_waypoint_prompt' aria-modal='true' role='dialog' aria-describedby='oo_waypoint_message'><div id='oo_waypoint_company_logo'></div><div id='oo_waypoint_content'><p id='oo_waypoint_message'>Select a category</p><p id='waypoint_icons'></p><p id='ol_waypoint_brand_logo'></p></div><button id='oo_waypoint_close_prompt' tabindex='0' aria-label='Close dialog'><div class='screen_reader'>Close dialogue</div><span aria-hidden='true'>&#10006;</span></button></div><!--[if IE 8]><style>/* IE 8 does not support box-shadow */#oo_waypoint_prompt #oo_waypoint_content { width: 400px; padding: 40px 49px 20px 49px; border: 1px solid #ccc; }</style><![endif]-->"};OOo.extend(this.options,a);var c=this.options,f=c.categories;if(c.spa||OOo.spa){OOo.addCustomSpaEvent()}for(var d in f){if(f.hasOwnProperty(d)){if(typeof c.categories[d].oCode==='object'){var g={};g[d]=new OOo.Ocode(f[d].oCode);OOo.extend(OOo.Waypoint,g)}}}OOo.extend(OOo.Waypoint,{getWaypoint:function(){this.getWaypoint()}.bind(this)})};OOo.Waypoint.prototype={getWaypoint:function(){OOo.getWaypoint.call(this)},showWaypoint:function(a){OOo.showWaypoint.call(this,a)},killWaypoint:function(a){var b=a||window.event;OOo.hideWaypoint(b)}};OOo.extend(OOo,{appendWaypoint:function(c){var f=OOo.$('#'+c);if(!!f){if(!OOo.Browser.isMobile){OOo.addEventListener(f,'click',function(a){var b=a||window.event;if(b.preventDefault&&b.stopPropagation){b.preventDefault();b.stopPropagation()}else{b.returnValue=false}OOo.Waypoint.getWaypoint()},false);OOo.addEventListener(f,'keydown',function(a){var b=a||window.event;if(b.keyCode!==13){return}if(b.preventDefault&&b.stopPropagation){b.preventDefault();b.stopPropagation()}else{b.returnValue=false}OOo.Waypoint.getWaypoint()},false)}}}});OOo.extend(OOo,{appendWaypointMobile:function(c,f){var d=0;var g=f||2;if(typeof c==="string")var c=OOo.$('#'+c);if(!!c){if(OOo.Browser.isMobile){if("ontouchstart"in window&&"ontouchend"in window&&"ontouchmove"in window){OOo.addEventListener(c,"touchstart",function(a){d++},false);OOo.addEventListener(c,"touchend",function(a){var b=a||window.event;if(b.preventDefault&&b.stopPropagation){b.preventDefault();b.stopPropagation();if(d>=g){OOo.Waypoint.getWaypoint();d=0}}else{b.returnValue=false}},false);OOo.addEventListener(c,"touchmove",function(a){d=0},false)}else{OOo.addEventListener(c,"click",function(a){var b=a||window.event;if(b.preventDefault&&b.stopPropagation){b.preventDefault();b.stopPropagation()}else{b.returnValue=false}OOo.Waypoint.getWaypoint()},false)}}}}});return OOo}));
});</script><script>
  /* Create and Append Style Element */
      var css = document.createElement('style');
      css.setAttribute('type', 'text/css');
      document.getElementsByTagName('head')[0].appendChild(css);
      var cssText = '';

cssText += "\n#oo_feedback_fl_spacer { display: block; height: 1px; position: absolute; top: 0; width: 100px; }";
cssText += "\n.oo_feedback_float { width: 100px; height: 50px; overflow: hidden; font: 12px Tahoma, Arial, Helvetica, sans-serif; text-align: center; color: #252525; cursor: pointer; z-index: 999997; position: fixed; bottom: 5px; border: 1px solid #cccccc; border-radius: 9px; -moz-border-radius: 9px; -webkit-border-radius: 9px; right: 10px; -webkit-transition: -webkit-transform 0.3s ease; }";
cssText += "\n.oo_feedback_float .screen_reader { position: absolute; clip: rect(1px 1px 1px 1px); /* for Internet Explorer */ clip: rect(1px, 1px, 1px, 1px); padding: 0; border: 0; height: 1px; width: 1px; overflow: hidden; }";
cssText += "\n.oo_feedback_float .olUp { width: 100%; height: 100%; text-align: center; position: relative; z-index: 2; filter: alpha(opacity=100); opacity: 1; transition: opacity .5s; -moz-transition: opacity .5s; -webkit-transition: opacity .5s; -o-transition: opacity .5s; }";
cssText += "\n.oo_feedback_float .olUp img.float_icon { margin: auto; padding-top: 8px; padding-bottom: 5px; display: block; color: transparent; border: none; transform: translateZ(0); -webkit-transform: translateZ(0); -ms-transform: translateZ(0); width: 18px; height: 18px; }";
cssText += "\n.oo_feedback_float .olUp span.float_text { display: block; }";
cssText += "\n.oo_feedback_float .olUp span.no_image { min-height: 50px; align-items: center; display: inline-flex !important; }";
cssText += "\n.oo_feedback_float .oo_transparent { display: block; background: white; position: absolute; top: 0; left: 0; height: 100%; width: 100%; z-index: 1; opacity: 0.8; filter: alpha(opacity=80); border-radius: 8px; -moz-border-radius: 8px; -webkit-border-radius: 8px; -webkit-transform: translateZ(0); }";
cssText += "\n.oo_feedback_float:hover .oo_transparent { opacity: 1.0; filter: alpha(opacity=100); }";
cssText += "\n.oo_feedback_float:hover .olUp { display: block; opacity: 0; filter: alpha(opacity=0); }";
cssText += "\n.oo_feedback_float .fbText { display: block; }";
cssText += "\n.oo_feedback_float .olOver { display: block; height: 100%; width: 100%; position: absolute; top: 0; left: 0; min-height: 50px; z-index: 2; opacity: 0; font-size: 12px; filter: alpha(opacity=0); transition: opacity .5s; -moz-transition: opacity .5s; -webkit-transition: opacity .5s; -o-transition: opacity .5s; }";
cssText += "\n.oo_feedback_float .olOver span { display: block; padding: 10px 5px; }";
cssText += "\n.oo_feedback_float:hover .olOver { opacity: 1.0; filter: alpha(opacity=100); top: 0; }";
cssText += "\n.oo_cc_wrapper { top: 25px; left: 0; padding: 0; position: fixed; text-align: center; width: 100%; z-index: 999999; }";
cssText += "\n.oo_cc_wrapper .screen_reader { position: absolute; clip: rect(1px 1px 1px 1px); /* for Internet Explorer */ clip: rect(1px, 1px, 1px, 1px); padding: 0; border: 0; height: 1px; width: 1px; overflow: hidden; }";
cssText += "\n.oo_cc_wrapper span { width: 100%; height: 100%; position: absolute; left: 0; top: 0; z-index: 1; }";
cssText += "\n.oo_cc_wrapper .iwrapper { background-color: white; margin: 0 auto; position: relative; width: 535px; z-index: 2; box-shadow: 0px 1px 3px 0px rgba(102, 102, 102, 0.3); -moz-box-shadow: 0px 1px 3px 0px rgba(102, 102, 102, 0.3); -webkit-box-shadow: 0px 1px 3px 0px rgba(102, 102, 102, 0.3); }";
cssText += "\n.oo_cc_wrapper iframe { position: relative; border: none; width: 100%; z-index: 4; }";
cssText += "\n.oo_cc_wrapper .oo_cc_close { position: absolute; display: block; right: 20px; top: 5px; font: 1em/1.5em 'HelveticaNeue-Medium', Helvetica, Arial, sans-serif; text-align: center; z-index: 5; color: black; text-decoration: none; cursor: pointer; }";
cssText += "\n#oo_bar { padding: 10px 0px; cursor: pointer; color: white; border-top: 1px solid white; border-bottom: none; border-right: none; border-left: none; background-color: black; bottom: 0; display: block; font: 16px 'HelveticaNeue-Medium', Helvetica, Arial, sans-serif; left: 0; text-decoration: none; line-height: 16px; position: fixed; text-align: left; width: 100%; z-index: 999997; box-shadow: rgba(0, 0, 0, 0.5) 0px -1px 2px; -moz-box-shadow: rgba(0, 0, 0, 0.5) 0px -1px 2px; -webkit-box-shadow: rgba(0, 0, 0, 0.5) 0px -1px 2px; }";
cssText += "\n#oo_bar img.bar_icon { float: left; padding-left: 10px; color: transparent; border: none; transform: translateZ(0); -webkit-transform: translateZ(0); -ms-transform: translateZ(0); width: 18px; height: 18px; }";
cssText += "\n#oo_bar span.bar_text { padding-left: 10px; }";
cssText += "\n#oo_bar .screen_reader { position: absolute; clip: rect(1px 1px 1px 1px); /* for Internet Explorer */ clip: rect(1px, 1px, 1px, 1px); padding: 0; border: 0; height: 1px; width: 1px; overflow: hidden; }";
cssText += "\n#oo_bar:focus { outline: 3px solid #51ace9; }";
cssText += "\n.oo_bar { padding-bottom: 37px; }";
cssText += "\n#oo_tab { display: block; position: fixed; background-color: #000000; color: #ffffff; border: 1px solid #cccccc; font-size: 15px; font-family: 'Helvetica Neue', Helvetica, Arial, sans-serif; line-height: 15px; opacity: 1; z-index: 999995; cursor: pointer; text-decoration: none; -webkit-backface-visibility: hidden; backface-visibility: hidden; transform: rotate(-90deg); -ms-transform: rotate(-90deg) scale(1.02); -webkit-transform: rotate(-90deg); -moz-transform: rotate(-90deg); transition: all .5s ease; -moz-transition: all .5s ease; -webkit-transition: all .5s ease; -o-transition: all .5s ease; -webkit-transform-style: preserve-3d; transform-style: preserve-3d; -webkit-backface-visibility: hidden; backface-visibility: hidden; }";
cssText += "\n#oo_tab div { -webkit-transform-style: preserve-3d; transform-style: preserve-3d; -webkit-backface-visibility: hidden; backface-visibility: hidden; }";
cssText += "\n#oo_tab .screen_reader { position: absolute; clip: rect(1px 1px 1px 1px); /* for Internet Explorer */ clip: rect(1px, 1px, 1px, 1px); padding: 0; border: 0; height: 1px; width: 1px; overflow: hidden; }";
cssText += "\n#oo_tab.oo_tab_right { right: -8px; bottom: 62%; padding: 5px 14px 14px 14px; border-bottom: 0px; border-radius: 9px 9px 0px 0px; -moz-border-radius: 9px 9px 0px 0px; -webkit-border-radius: 9px 9px 0px 0px; transform-origin: 100% 100% 0; -webkit-transform-origin: 100% 100% 0; -ms-transform-origin: 100% 100% 0; }";
cssText += "\n#oo_tab.oo_tab_right:hover, #oo_tab.oo_tab_right:focus, #oo_tab.oo_tab_right:active { -ms-transform: rotate(-90deg) scale(1.02) translateY(-5px); -webkit-transform: rotate(-90deg) translateY(-5px); -moz-transform: rotate(-90deg) translateY(-5px); }";
cssText += "\n#oo_tab.oo_tab_left { left: -12px; bottom: 32%; padding: 17px 12px 5px 13px; border-top: 0px; border-radius: 0px 0px 9px 9px; -moz-border-radius: 0px 0px 9px 9px; -webkit-border-radius: 0px 0px 9px 9px; transform-origin: 0 0; -webkit-transform-origin: 0 0; -ms-transform-origin: 0 0; }";
cssText += "\n#oo_tab.oo_tab_left:hover, #oo_tab.oo_tab_left:focus, #oo_tab.oo_tab_left:active { -ms-transform: rotate(-90deg) scale(1.02) translateY(5px); -webkit-transform: rotate(-90deg) translateY(5px); -moz-transform: rotate(-90deg) translateY(5px); }";
cssText += "\n#oo_tab img { float: left; margin-top: 3px; width: 9px; height: 9px; margin-right: 7px; margin-bottom: 1px; color: transparent; border: none; transform: translateZ(0); -webkit-transform: translateZ(0); -ms-transform: translateZ(0); }";
cssText += "\n#oo_tab.oo_tab_left.oo_legacy { top: auto; right: auto; bottom: -5px; left: 20px; padding: 10px 10px 15px 10px; z-index: 999995; cursor: pointer; border-bottom: 0px; border-radius: 9px 9px 0 0; -moz-border-radius: 9px 9px 0 0; -webkit-border-radius: 9px 9px 0 0; transform: rotate(0deg); -ms-transform: rotate(0deg); -webkit-transform: rotate(0deg); -moz-transform: rotate(0deg); }";
cssText += "\n#oo_tab.oo_tab_right.oo_legacy { top: auto; bottom: -5px; right: 20px; padding: 10px 10px 15px 10px; z-index: 999995; cursor: pointer; border-bottom: 0px; transform: rotate(0deg); -ms-transform: rotate(0deg); -webkit-transform: rotate(0deg); -moz-transform: rotate(0deg); }";
cssText += "\n#oo_tab.oo_legacy img { top: 12px !important; }";
cssText += "\n#oo_tab.oo_tab_right.oo_legacy:hover, #oo_tab.oo_tab_right.oo_legacy:focus, #oo_tab.oo_tab_right.oo_legacy:active { bottom: 0; }";
cssText += "\n#oo_tab.oo_tab_left.oo_legacy:hover, #oo_tab.oo_tab_left.oo_legacy:focus, #oo_tab.oo_tab_left.oo_legacy:active { bottom: 0; }";
cssText += "\n#oo_tab_1 { background-color: black; border: 1px solid #ffffff; display: block; position: fixed; top: 40%; padding: 10px 0px 10px 0px; width: 124px; z-index: 999995; cursor: pointer; text-decoration: none; text-align: left; font-family: 'HelveticaNeue-Medium', Helvetica, Arial, sans-serif; line-height: 16px; font-size: 16px; color: #fff; }";
cssText += "\n#oo_tab_1:focus { outline: 3px solid #51ace9; }";
cssText += "\n#oo_tab_1 span.screen_reader { position: absolute; clip: rect(1px 1px 1px 1px); /* for Internet Explorer */ clip: rect(1px, 1px, 1px, 1px); padding: 0; border: 0; height: 1px; width: 1px; overflow: hidden; }";
cssText += "\n#oo_tab_1.oo_tab_right_1 { right: -9px; transition: right 1.5s; -moz-transition: right 1.5s; -webkit-transition: right 1.5s; padding: 10px 0px 10px 8px; box-shadow: rgba(0, 0, 0, 0.5) 1px 1px 2px; -moz-box-shadow: rgba(0, 0, 0, 0.5) 1px 1px 2px; -webkit-box-shadow: rgba(0, 0, 0, 0.5) 1px 1px 2px; }";
cssText += "\n#oo_tab_1.oo_tab_right_1 img.tab_icon { float: left; padding-right: 10px; color: transparent; border: none; transform: translateZ(0); -webkit-transform: translateZ(0); -ms-transform: translateZ(0); width: 18px; height: 18px; }";
cssText += "\n#oo_tab_1.oo_tab_right_1.small { right: -90px; }";
cssText += "\n#oo_tab_1.oo_tab_right_1.small:hover { right: -9px; }";
cssText += "\n#oo_tab_1.oo_tab_left_1 { left: -9px; transition: left 1.5s; -moz-transition: left 1.5s; -webkit-transition: left 1.5s; padding: 10px 0px 10px 20px; box-shadow: rgba(0, 0, 0, 0.5) -1px 1px 2px; -moz-box-shadow: rgba(0, 0, 0, 0.5) -1px 1px 2px; -webkit-box-shadow: rgba(0, 0, 0, 0.5) -1px 1px 2px; }";
cssText += "\n#oo_tab_1.oo_tab_left_1 img.tab_icon { float: right; padding-right: 8px; color: transparent; border: none; transform: translateZ(0); -webkit-transform: translateZ(0); -ms-transform: translateZ(0); width: 18px; height: 18px; }";
cssText += "\n#oo_tab_1.oo_tab_left_1.small { left: -90px; }";
cssText += "\n#oo_tab_1.oo_tab_left_1.small:hover { left: -9px; }";
cssText += "\n#oo_container { position: fixed; height: 100%; width: 100%; top: 0; left: 0; z-index: 999999; }";
cssText += "\n#oo_invitation_prompt { background: #fff; box-shadow: 0px 1px 3px 0px rgba(102, 102, 102, 0.3); -moz-box-shadow: 0px 1px 3px 0px rgba(102, 102, 102, 0.3); -webkit-box-shadow: 0px 1px 3px 0px rgba(102, 102, 102, 0.3); margin: 5% auto; text-align: left; position: relative; max-width: 400px; z-index: 999999; outline: 1px solid #ccc; }";
cssText += "\n#oo_invitation_prompt #oo_invitation_company_logo { width: 100%; background: transparent; padding: 20px 0px; text-align: center; }";
cssText += "\n#oo_invitation_prompt #oo_invitation_company_logo img { max-height: 45px; width: auto; }";
cssText += "\n#oo_invitation_prompt #oo_invite_content { width: auto; padding: 0px 10% 20px 10%; box-sizing: content-box; }";
cssText += "\n#oo_invitation_prompt #oo_invite_content p { color: black; font: 1em/1.5em 'HelveticaNeue-Medium', Helvetica, Arial, sans-serif; margin: 0; padding: 0 0 20px 0; }";
cssText += "\n#oo_invitation_prompt #oo_invite_content p.prompt_button button { text-align: center; color: white; text-decoration: none; font-size: 1.5em; line-height: 1.2em; padding: 12px 0 13px 0; display: block; height: auto; }";
cssText += "\n#oo_invitation_prompt #oo_invite_content button { cursor: pointer; border: none; }";
cssText += "\n#oo_invitation_prompt #oo_invite_content button:focus { outline: 3px solid #51ace9; }";
cssText += "\n#oo_invitation_prompt #oo_invite_content button#oo_launch_prompt { background: #cb352d; width: 100%; box-sizing: content-box; }";
cssText += "\n#oo_invitation_prompt #oo_invite_content button#oo_no_thanks { background: #707070; width: 100%; box-sizing: content-box; }";
cssText += "\n#oo_invitation_prompt #oo_invite_content #ol_invitation_brand_logo { text-align: center; border-top: 1px solid #ccc; line-height: 1.5em; margin: 20px 0 0 0; padding: 20px 0 0 0; }";
cssText += "\n#oo_invitation_prompt #oo_invite_content #ol_invitation_brand_logo img { height: 25px; width: 146px; border: 0px; }";
cssText += "\n#oo_invitation_prompt #oo_invite_content #ol_invitation_brand_logo a { display: block; height: 25px; }";
cssText += "\n#oo_invitation_prompt #oo_close_prompt { border: none; background: transparent; cursor: pointer; position: absolute; display: block; right: 13px; top: 13px; line-height: 1em; font-size: 1em; font-family: 'Zapf Dingbats'; color: black; text-decoration: none; }";
cssText += "\n#oo_invitation_prompt #oo_close_prompt:focus { outline: none; }";
cssText += "\n#oo_invitation_prompt #oo_close_prompt:focus span { outline: 3px solid #51ace9; }";
cssText += "\n#oo_invitation_prompt .screen_reader { position: absolute; clip: rect(1px 1px 1px 1px); /* for Internet Explorer */ clip: rect(1px, 1px, 1px, 1px); padding: 0; border: 0; height: 1px; width: 1px; overflow: hidden; }";

/* Android, iPhone 6 ----------- */
cssText += "\n@media only screen and (max-device-width: 480px), screen and (device-width: 414px) and (device-height: 736px) and (-webkit-device-pixel-ratio: 3) { #oo_invitation_prompt { width: 90%; }";
cssText += "\n#oo_invitation_prompt #oo_invitation_company_logo { height: auto; } }";

/* iPhone 5, 4 ----------- */
cssText += "\n@media only screen and (device-width: 320px) and (device-height: 568px) and (-webkit-device-pixel-ratio: 2), screen and (device-width: 320px) and (device-height: 480px) and (-webkit-device-pixel-ratio: 2) { #oo_invitation_prompt { width: 90%; height: 90%; overflow-y: scroll; overflow-x: hidden; }";
cssText += "\n#oo_invitation_prompt #oo_invitation_company_logo { height: auto; }";
cssText += "\n#oo_invitation_prompt #oo_invite_content { padding: 20px 10% 20px 10%; }";
cssText += "\n#oo_invitation_prompt #oo_invite_content #ol_invite_brand_logo { margin: 0 0 0 0; } }";

/* iPhone 4 only ----------- */
cssText += "\n@media screen and (device-width: 320px) and (device-height: 480px) and (-webkit-device-pixel-ratio: 2) { #oo_invitation_prompt #oo_close_prompt { right: -70px; } }";
cssText += "\n#oo_waypoint_container { position: fixed; height: 100%; width: 100%; top: 0; left: 0; z-index: 999999; }";
cssText += "\n#oo_waypoint_prompt { background: #fff; box-shadow: 0px 1px 3px 0px rgba(102, 102, 102, 0.3); -moz-box-shadow: 0px 1px 3px 0px rgba(102, 102, 102, 0.3); -webkit-box-shadow: 0px 1px 3px 0px rgba(102, 102, 102, 0.3); margin: 5% auto; text-align: left; position: relative; max-width: 400px; z-index: 999999; outline: 1px solid #ccc; }";
cssText += "\n#oo_waypoint_prompt #oo_waypoint_company_logo { width: 100%; background: transparent; padding: 20px 0px; text-align: center; }";
cssText += "\n#oo_waypoint_prompt #oo_waypoint_company_logo img { max-height: 45px; width: auto; }";
cssText += "\n#oo_waypoint_prompt #oo_waypoint_content { width: auto; padding: 0px 10% 20px 10%; }";
cssText += "\n#oo_waypoint_prompt #oo_waypoint_content a { cursor: pointer; }";
cssText += "\n#oo_waypoint_prompt #oo_waypoint_content a:focus { outline: 3px solid #51ace9; }";
cssText += "\n#oo_waypoint_prompt #oo_waypoint_content p { color: black; font: 1em/1.5em 'HelveticaNeue-Medium', Helvetica, Arial, sans-serif; margin: 0; padding: 0 0 20px 0; text-align: center; }";
cssText += "\n#oo_waypoint_prompt #oo_waypoint_content p#oo_waypoint_message { font-size: 1.2em; }";
cssText += "\n#oo_waypoint_prompt #oo_waypoint_content button.waypoint_icon { cursor: pointer; width: 100%; text-decoration: none; font-size: 1.5em; line-height: 2em; display: block; height: 50px; color: white; margin-bottom: 20px; background-color: #cb352d; width: 100%; border: none; padding: 0; }";
cssText += "\n#oo_waypoint_prompt #oo_waypoint_content button.waypoint_icon.last { margin-bottom: 0; }";
cssText += "\n#oo_waypoint_prompt #oo_waypoint_content .waypoint_link_icon { height: auto; width: 70px; float: left; }";
cssText += "\n#oo_waypoint_prompt #oo_waypoint_content #ol_waypoint_brand_logo { border-top: 1px solid #ccc; line-height: 1.5em; margin: 10px 0 0 0; padding: 20px 0 0 0; }";
cssText += "\n#oo_waypoint_prompt #oo_waypoint_content #ol_waypoint_brand_logo img { height: 25px; width: 146px; border: 0px; }";
cssText += "\n#oo_waypoint_prompt #oo_waypoint_content #ol_waypoint_brand_logo a { display: block; height: 25px; }";
cssText += "\n#oo_waypoint_prompt #oo_waypoint_close_prompt { position: absolute; display: block; border: none; background: transparent; cursor: pointer; right: 13px; top: 13px; line-height: 1em; font-size: 1em; font-family: 'Zapf Dingbats'; color: black; text-decoration: none; }";
cssText += "\n#oo_waypoint_prompt #oo_waypoint_close_prompt:focus { outline: none; }";
cssText += "\n#oo_waypoint_prompt #oo_waypoint_close_prompt:focus span { outline: 3px solid #51ace9; }";
cssText += "\n#oo_waypoint_prompt .screen_reader { position: absolute; clip: rect(1px 1px 1px 1px); /* for Internet Explorer */ clip: rect(1px, 1px, 1px, 1px); padding: 0; border: 0; height: 1px; width: 1px; overflow: hidden; }";

/* Android, iPhone 6 ----------- */
cssText += "\n@media only screen and (max-device-width: 480px), screen and (device-width: 414px) and (device-height: 736px) and (-webkit-device-pixel-ratio: 3) { #oo_waypoint_prompt { width: 90%; }";
cssText += "\n#oo_waypoint_prompt #oo_waypoint_company_logo { height: auto; } }";

/* iPhone 5, 4 ----------- */
cssText += "\n@media only screen and (device-width: 320px) and (device-height: 568px) and (-webkit-device-pixel-ratio: 2), screen and (device-width: 320px) and (device-height: 480px) and (-webkit-device-pixel-ratio: 2) { #oo_waypoint_prompt { width: 90%; height: 90%; overflow-y: scroll; overflow-x: hidden; }";
cssText += "\n#oo_waypoint_prompt #oo_waypoint_company_logo { height: auto; }";
cssText += "\n#oo_waypoint_prompt #oo_waypoint_content { padding: 20px 10% 20px 10%; }";
cssText += "\n#oo_waypoint_prompt #oo_waypoint_content #ol_waypoint_brand_logo { margin: 0 0 0 0; } }";

/* iPhone 4 only ----------- */
cssText += "\n@media screen and (device-width: 320px) and (device-height: 480px) and (-webkit-device-pixel-ratio: 2) { #oo_waypoint_prompt #oo_waypoint_close_prompt { right: -70px; } }";
cssText += "\n#oo_entry_prompt { background: #fff; box-shadow: 0px 1px 3px 0px rgba(102, 102, 102, 0.3); -moz-box-shadow: 0px 1px 3px 0px rgba(102, 102, 102, 0.3); -webkit-box-shadow: 0px 1px 3px 0px rgba(102, 102, 102, 0.3); margin: 5% auto; text-align: left; position: relative; max-width: 400px; z-index: 999999; outline: 1px solid #ccc; }";
cssText += "\n#oo_entry_prompt #oo_entry_company_logo { width: 100%; background: transparent; padding: 20px 0px; text-align: center; }";
cssText += "\n#oo_entry_prompt #oo_entry_company_logo img { max-height: 45px; width: auto; }";
cssText += "\n#oo_entry_prompt #oo_entry_content { width: auto; padding: 0px 10% 20px 10%; }";
cssText += "\n#oo_entry_prompt #oo_entry_content p { color: black; font: 1em/1.5em 'HelveticaNeue-Medium', Helvetica, Arial, sans-serif; margin: 0; padding: 0 0 20px 0; }";
cssText += "\n#oo_entry_prompt #oo_entry_content p.entry_prompt_button button { text-align: center; color: white; text-decoration: none; font-size: 1.5em; line-height: 1.2em; padding: 12px 0 13px 0; display: block; height: auto; }";
cssText += "\n#oo_entry_prompt #oo_entry_content button { cursor: pointer; border: none; }";
cssText += "\n#oo_entry_prompt #oo_entry_content button:focus { outline: 3px solid #51ace9; }";
cssText += "\n#oo_entry_prompt #oo_entry_content button#oo_launch_entry_prompt { background: #cb352d; width: 100%; }";
cssText += "\n#oo_entry_prompt #oo_entry_content button#oo_entry_no_thanks { background: #707070; width: 100%; }";
cssText += "\n#oo_entry_prompt #oo_entry_content #ol_entry_brand_logo { text-align: center; border-top: 1px solid #ccc; line-height: 1.5em; margin: 20px 0 0 0; padding: 20px 0 0 0; }";
cssText += "\n#oo_entry_prompt #oo_entry_content #ol_entry_brand_logo img { height: 25px; width: 146px; border: 0px; }";
cssText += "\n#oo_entry_prompt #oo_entry_content #ol_entry_brand_logo a { display: block; height: 25px; }";
cssText += "\n#oo_entry_prompt #oo_entry_close_prompt { position: absolute; background: none; border: none; cursor: pointer; display: block; right: 13px; top: 13px; line-height: 1em; font-size: 1em; font-family: 'Zapf Dingbats'; color: black; text-decoration: none; }";
cssText += "\n#oo_entry_prompt #oo_entry_close_prompt:focus { outline: none; }";
cssText += "\n#oo_entry_prompt #oo_entry_close_prompt:focus span { outline: 3px solid #51ace9; }";
cssText += "\n#oo_entry_prompt .screen_reader { position: absolute; clip: rect(1px 1px 1px 1px); /* for Internet Explorer */ clip: rect(1px, 1px, 1px, 1px); padding: 0; border: 0; height: 1px; width: 1px; overflow: hidden; }";

/* Android, iPhone 6 ----------- */
cssText += "\n@media only screen and (max-device-width: 480px), screen and (device-width: 414px) and (device-height: 736px) and (-webkit-device-pixel-ratio: 3) { #oo_entry_prompt { width: 90%; }";
cssText += "\n#oo_entry_prompt #oo_entry_company_logo { height: auto; } }";

/* iPhone 5, 4 ----------- */
cssText += "\n@media only screen and (device-width: 320px) and (device-height: 568px) and (-webkit-device-pixel-ratio: 2), screen and (device-width: 320px) and (device-height: 480px) and (-webkit-device-pixel-ratio: 2) { #oo_entry_prompt { width: 90%; height: 90%; overflow-y: scroll; overflow-x: hidden; }";
cssText += "\n#oo_entry_prompt #oo_entry_company_logo { height: auto; }";
cssText += "\n#oo_entry_prompt #oo_entry_content { padding: 20px 10% 20px 10%; }";
cssText += "\n#oo_entry_prompt #oo_entry_content #ol_entry_brand_logo { margin: 0 0 0 0; } }";

/* iPhone 4 only ----------- */
cssText += "\n@media screen and (device-width: 320px) and (device-height: 480px) and (-webkit-device-pixel-ratio: 2) { #oo_entry_prompt #oo_entry_close_prompt { right: -70px; } }";
cssText += "\n#oo_overlay, #oo_invitation_overlay, #oo_waypoint_overlay, #oo_entry_overlay { display: block; height: 1000%; left: 0; position: fixed; top: 0; width: 100%; z-index: 999998; opacity: 0.5; filter: alpha(opacity=50); }";
cssText += "\n#oo_overlay.no_loading, #oo_invitation_overlay.no_loading, #oo_waypoint_overlay.no_loading, #oo_entry_overlay.no_loading { background: white; opacity: 0.5; filter: alpha(opacity=50); }";
cssText += "\n#oo_overlay img#loading_icon, #oo_invitation_overlay img#loading_icon, #oo_waypoint_overlay img#loading_icon, #oo_entry_overlay img#loading_icon { display: flex; position: absolute; top: 4.5%; left: 47.5%; transform: translate(-50%, -50%); }";
cssText += "\n#oo_overlay_mobile { display: block; height: 1000%; left: 0; position: fixed; top: 0; width: 100%; z-index: 999998; opacity: 0.5; filter: alpha(opacity=50); }";
cssText += "\n#oo_overlay_mobile.no_loading_mobile { background: rgba(0, 0, 0, 0.25); opacity: 0.5; filter: alpha(opacity=50); background-color: rgba(0, 0, 0, 0.25); }";

/* cursor: pointer must be set for iOS to detect click events on the #oo_waypoint_overlay */
cssText += "\n@media screen and (max-width: 767px) { #oo_waypoint_overlay { cursor: pointer; } }";
cssText += "\n#oo_overlay.no_loading, #oo_invitation_overlay.no_loading, #oo_waypoint_overlay.no_loading, #oo_entry_overlay.no_loading { background: white; opacity: 0.5; filter: alpha(opacity=50); }";
cssText += "\n#oo_overlay_mobile.no_loading_mobile { background: rgba(0, 0, 0, 0.25); opacity: 0.5; filter: alpha(opacity=50); background-color: rgba(0, 0, 0, 0.25); }";

/* IE8 set close prompt icon font size to px instead of em to avoid visual glitch  */
cssText += "\n@media all\0  { #oo_waypoint_prompt #oo_close_prompt, #oo_invitation_prompt #oo_close_prompt, .oo_cc_wrapper .oo_cc_close, #oo_entry_prompt #oo_entry_close_prompt { font-size: 20px; line-height: 20px; top: 8px; } }";
cssText += "\n@media print { #oo_bar, .oo_feedback_float, #oo_tab { display: none; } }";
/* Detect if browser is IE */
if (navigator.appName && navigator.appName == 'Microsoft Internet Explorer'){
   css.styleSheet.cssText = cssText;
}else{
   css.innerHTML = cssText;
}

</script><script>
  window.addEventListener('triggerSignal', function(){
    var w = window.location.href.split('/')[4];
   if(w && w === 'confirmation'){
   (function (w, o) {
  'use strict';

  var rp = "";
      var rp_1 = "://new-ghs-converted.asda.com/search",
        rp_2 = "://new-ghs-converted.asda.com/favorites",
        rp_3 = "://new-ghs-converted.asda.com/navigation",
        rp_4 = "://new-ghs-converted.asda.com/checkout",
        rp_5 = "://new-ghs-converted.asda.com/speed",
        rp_6 = "://new-ghs-converted.asda.com/errors";


      var ooNavigation = "New";
      try{
        var ooSessionID = window.co.analyticsData.sessionId,
        ooStoreID = window.co.analyticsData.storeId,
        ooCustomerID = window.co.analyticsData.customerId,
        ooViewPort = window.innerWidth,
        ooDelivery = window.co.analyticsData.slotType,
        ooorderID = window.thirdPartyData.basketId;
      } catch(e) {
        console.log("undefined cv values");
      }
      var randomNumberForURL = Math.floor(Math.random() * 6) + 1;

      switch (randomNumberForURL) {
        case 1:
          rp = rp_1;
          break;
        case 2:
          rp = rp_2;
          break;
        case 3:
          rp = rp_3;
          break;
        case 4:
          rp = rp_4;
          break;
        case 5:
          rp = rp_5;
          break;
        case 6:
          rp = rp_6;
          break;
        default:
          rp = rp_1;
      }

  var OpinionLabInit = function () {
         o.oo_entry = new o.Ocode({
                    events: {
                        onEntry: 100,
                        delayEntry: 2
                    },
                    screenReaderYes: 'This will open a new window',
                    screenReaderNo: 'Close dialog',
                    screenReaderClose: 'Close dialog',
                    cookie: {
                      name: "oo_events",
                      type: "domain",
                      expiration: 2419200,
                    },
                    referrerRewrite: {
                      searchPattern: /:\/\/[^\/]*/,
                      replacePattern: rp,
                    },
                    customVariables: {
                      CustomerSession: ooSessionID,
                      customerId: ooCustomerID,
                      page: typeof s !== "undefined" ? typeof s.pageName !== "undefined" ? s.pageName : "" : "",
                      StoreID: ooStoreID,
                      Screen: ooViewPort,
                      Delivery: ooDelivery,
                      Navigation: ooNavigation,
                      orderID: ooorderID,
                    },
                });
  };

  OpinionLabInit();

var checkOOEngine = setInterval(function() {
  if(typeof OOo !== 'undefined') {
    clearInterval(checkOOEngine);
    if (typeof OOo !== 'undefined' && typeof OOo.releaseDetails !== 'object') { OOo.releaseDetails = []; }
    OOo.releaseDetails.push({
      author: 'JRP',
      timeStamp: '02/17/2022, 16:01:09',
      fileName: 'oo_conf_invite.js',
      fileVersion: '1',
      ticketNumber: 'tempCaseStorage'
    });
  }
},5000);
})(window, OOo);

}
})
</script><!-- Decibel Insight Tag - Groceries PROD -->
<script type="text/javascript">
    (function decibel(){
      console.log("decibel loaded");

      var a = 1 + Math.floor(Math.random() * 100);

      if ((a <= 100) && (!navigator.userAgent.match(/(Android ([1-6])|iPod)/))) {

        window.addEventListener('load', function (event) {
          // <![CDATA[
            (function(d,e,c,i,b,el,it) {
              d._da_=d._da_||[];_da_.oldErr=d.onerror;_da_.err=[];
              d.onerror=function(){_da_.err.push(arguments); return _da_.oldErr&&_da_.oldErr.apply(d,Array.prototype.slice.call(arguments));};
              d.DecibelInsight=b;d[b]=d[b]||function(){(d[b].q=d[b].q||[]).push(arguments);};
              el=e.createElement(c);it=e.getElementsByTagName(c)[0];el.async=true;el.src=i;it.parentNode.insertBefore(el,it);
            })(window,document,'script','//cdn.decibelinsight.net/i/13214/58569/di.js','decibelInsight');
          // ]]>

          console.log("decibel executing");
          if(window.co && window.co.analyticsData && window.co.analyticsData.sessionId){
            decibelInsight("sendCustomDimension", "JSESSIONID", window.co.analyticsData.sessionId)
          }
        })
      }
    })()
  </script>
<!-- Decibel Insight Tag - Groceries PROD END --><script>
  function opinionload(event) {

  if (typeof decibelInsight !== "undefined") {
    decibelInsight("setCollection", true, true);
    decibelInsight("sendGoal", "OpinionLab Feedback");
    decibelInsight("setRetention", true, true);
    decibelInsight(
      "sendCustomDimension",
      "JSESSIONID",
      window.co.analyticsData.sessionId
    );
  }

  var sessionId,
    customerId,
    storeId,
    sitespectId,
    deliveryPassType,
    orderID,
    Screen;
  if (window.co && window.co.analyticsData) {
    if (window.co.analyticsData.sessionId) {
      sessionId = window.co.analyticsData.sessionId;
    }
    if (window.co.analyticsData.customerId) {
      customerId = window.co.analyticsData.customerId;
    }
    if (window.co.analyticsData.storeId) {
      storeId = window.co.analyticsData.storeId;
    }
    if (window.co.analyticsData.ssCampaigns) {
      sitespectId = window.co.analyticsData.ssCampaigns;
    }
    if (window.co.analyticsData.deliveryPassType) {
      deliveryPassType = window.co.analyticsData.deliveryPassType;
    }
    if (window.thirdPartyData.basketId) {
      orderID = window.thirdPartyData.basketId;
    }
    if (window.innerWidth) {
      Screen = window.innerWidth;
    }
  }
  var referer = event.target.href.replace("https", "");
  oo_feedback = new OOo.Ocode({
    referrerRewrite: {
      searchPattern: /:\/\/[^\/]*/,
      replacePattern: referer,
    },
    customVariables: {
      CustomerSession: sessionId,
      StoreID: storeId,
      Screen: window.innerWidth,
      customerID: customerId,
      Navigation: "New",
      sitespectID: sitespectId,
      deliveryPassType: deliveryPassType,
      orderID: window.thirdPartyData.basketId,
    },
  });
  oo_feedback.show(event);
  console.log("OpinionLab Function Executed");


}
console.log("OpinionLab Script Loaded");
</script><div id="criteo-tags-div" style="display: none;"></div><div id="onetrust-consent-sdk" class="onetrust-consent-sdk-box" data-apply-ot-banner-popup="false"><div class="onetrust-pc-dark-filter ot-hide ot-fade-in"></div><div id="onetrust-pc-sdk" class="otPcCenter ot-hide ot-fade-in" aria-modal="true" role="alertdialog" lang="en" aria-label="How we protect your privacy"><!-- Close Button --><div class="ot-pc-header"><!-- Logo Tag --><div class="ot-pc-logo" role="img" aria-label="Company Logo" style="background-image: url(&quot;https://cdn.cookielaw.org/logos/375f2d8d-e5ad-478f-aa51-5949b72085fa/45546de4-f7f0-4d61-9ce8-aa4ccbd8c95b/919f3545-b531-4fbe-b2e9-c8bd8823e1cc/Logo_-_cookie_settings.jpg&quot;);
                    background-position: left;"></div></div><!-- Close Button --><div id="ot-pc-content" class="ot-pc-scrollbar"><h2 id="ot-pc-title">How we protect your privacy</h2><div id="ot-pc-desc">We process your data to deliver content or advertisements and measure the delivery of such content or advertisements to extract insights about our website. We share this information with our partners on the basis of consent. You may exercise your right to consent, based on a specific purpose below or at a partner level in the link under each purpose. These choices will be signaled to our vendors participating in the Transparency and Consent Framework.</div><button id="accept-recommended-btn-handler" data-di-id="#accept-recommended-btn-handler">Allow All</button><section class="ot-sdk-row ot-cat-grp"><h3 id="ot-category-title"> Manage Consent Preferences</h3><div class="ot-accordion-layout ot-cat-item" data-optanongroupid="1"><button aria-expanded="false" ot-accordion="true" aria-controls="ot-desc-id-1" aria-labelledby="ot-header-id-1"></button><!-- Accordion header --><div class="ot-acc-hdr ot-always-active-group"><div class="ot-plus-minus"><span></span><span></span></div><h4 class="ot-cat-header" id="ot-header-id-1">Essential Cookies</h4><div class="ot-always-active">Always Active</div></div><!-- accordion detail --><div class="ot-acc-grpcntr ot-acc-txt"><p class="ot-acc-grpdesc ot-category-desc" id="ot-desc-id-1">Essential cookies are always on. These are technical cookies that are required for the operation of our sites. Without using these our sites can’t operate properly.</p></div></div><div class="ot-accordion-layout ot-cat-item" data-optanongroupid="2"><button aria-expanded="false" ot-accordion="true" aria-controls="ot-desc-id-2" aria-labelledby="ot-header-id-2"></button><!-- Accordion header --><div class="ot-acc-hdr"><div class="ot-plus-minus"><span></span><span></span></div><h4 class="ot-cat-header" id="ot-header-id-2">Experience Cookies</h4><div class="ot-tgl"><input type="checkbox" name="ot-group-id-2" id="ot-group-id-2" aria-checked="true" role="switch" class="category-switch-handler" data-optanongroupid="2" checked="" aria-labelledby="ot-header-id-2"> <label class="ot-switch" for="ot-group-id-2"><span class="ot-switch-nob"></span> <span class="ot-label-txt">Experience Cookies</span></label> </div></div><!-- accordion detail --><div class="ot-acc-grpcntr ot-acc-txt"><p class="ot-acc-grpdesc ot-category-desc" id="ot-desc-id-2">Right now only some of these can be turned off. We’re working on the rest. Experience cookies allow Asda to recognise and count visitors to our sites.
This means we can check our online services are working and help us make improvements on our online services.
Experience cookies also allow us to remember the choices you make, such as the items in your basket or your display preferences.</p></div></div><div class="ot-accordion-layout ot-cat-item" data-optanongroupid="4"><button aria-expanded="false" ot-accordion="true" aria-controls="ot-desc-id-4" aria-labelledby="ot-header-id-4"></button><!-- Accordion header --><div class="ot-acc-hdr"><div class="ot-plus-minus"><span></span><span></span></div><h4 class="ot-cat-header" id="ot-header-id-4">Asda’s Advertising Cookies</h4><div class="ot-tgl"><input type="checkbox" name="ot-group-id-4" id="ot-group-id-4" aria-checked="true" role="switch" class="category-switch-handler" data-optanongroupid="4" checked="" aria-labelledby="ot-header-id-4"> <label class="ot-switch" for="ot-group-id-4"><span class="ot-switch-nob"></span> <span class="ot-label-txt">Asda’s Advertising Cookies</span></label> </div></div><!-- accordion detail --><div class="ot-acc-grpcntr ot-acc-txt"><p class="ot-acc-grpdesc ot-category-desc" id="ot-desc-id-4">We may record your visits to our websites, the pages you have visited and the links you have followed.
We use this information, along with other information about you as a customer, to help make our advertising relevant to your interests both on our sites and other sites you may visit.
We also use these to limit the number of times that you see an ad and to inform us how effective a particular ad has been.
</p></div></div><div class="ot-accordion-layout ot-cat-item" data-optanongroupid="STACK42"><button aria-expanded="false" ot-accordion="true" aria-controls="ot-desc-id-STACK42" aria-labelledby="ot-header-id-STACK42"></button><!-- Accordion header --><div class="ot-acc-hdr"><div class="ot-plus-minus"><span></span><span></span></div><h4 class="ot-cat-header" id="ot-header-id-STACK42">Personalised ads and content, ad and content measurement, audience insights and product development</h4><div class="ot-tgl"><input type="checkbox" name="ot-group-id-STACK42" id="ot-group-id-STACK42" aria-checked="true" role="switch" class="category-switch-handler" data-optanongroupid="STACK42" checked="" aria-labelledby="ot-header-id-STACK42"> <label class="ot-switch" for="ot-group-id-STACK42"><span class="ot-switch-nob"></span> <span class="ot-label-txt">Personalised ads and content, ad and content measurement, audience insights and product development</span></label> </div></div><!-- accordion detail --><div class="ot-acc-grpcntr ot-acc-txt"><div class="ot-subgrp-cntr"><ul class="ot-subgrps"><li class="ot-subgrp" data-optanongroupid="IABV2_2"><h5>Select basic ads</h5><div class="ot-tgl-cntr ot-subgrp-tgl"><div class="ot-tgl"><input type="checkbox" name="switch" id="ot-sub-group-id-IABV2_2" aria-checked="false" role="switch" data-optanongroupid="IABV2_2" class="cookie-subgroup-handler" aria-label="Select basic ads" checked=""> <label class="ot-switch" for="ot-sub-group-id-IABV2_2"><span class="ot-switch-nob"></span> <span class="ot-label-txt">Switch Label</span></label> </div></div><p class="ot-subgrp-desc">Ads can be shown to you based on the content you’re viewing, the app you’re using, your approximate location, or your device type.</p></li></ul></div><div class="ot-subgrp-cntr"><ul class="ot-subgrps"><li class="ot-subgrp" data-optanongroupid="IABV2_3"><h5>Create a personalised ads profile</h5><div class="ot-tgl-cntr ot-subgrp-tgl"><div class="ot-tgl"><input type="checkbox" name="switch" id="ot-sub-group-id-IABV2_3" aria-checked="false" role="switch" data-optanongroupid="IABV2_3" class="cookie-subgroup-handler" aria-label="Create a personalised ads profile" checked=""> <label class="ot-switch" for="ot-sub-group-id-IABV2_3"><span class="ot-switch-nob"></span> <span class="ot-label-txt">Switch Label</span></label> </div></div><p class="ot-subgrp-desc">A profile can be built about you and your interests to show you personalised ads that are relevant to you.</p></li></ul></div><div class="ot-subgrp-cntr"><ul class="ot-subgrps"><li class="ot-subgrp" data-optanongroupid="IABV2_4"><h5>Select personalised ads</h5><div class="ot-tgl-cntr ot-subgrp-tgl"><div class="ot-tgl"><input type="checkbox" name="switch" id="ot-sub-group-id-IABV2_4" aria-checked="false" role="switch" data-optanongroupid="IABV2_4" class="cookie-subgroup-handler" aria-label="Select personalised ads" checked=""> <label class="ot-switch" for="ot-sub-group-id-IABV2_4"><span class="ot-switch-nob"></span> <span class="ot-label-txt">Switch Label</span></label> </div></div><p class="ot-subgrp-desc">Personalised ads can be shown to you based on a profile about you.</p></li></ul></div><div class="ot-subgrp-cntr"><ul class="ot-subgrps"><li class="ot-subgrp" data-optanongroupid="IABV2_5"><h5>Create a personalised content profile</h5><div class="ot-tgl-cntr ot-subgrp-tgl"><div class="ot-tgl"><input type="checkbox" name="switch" id="ot-sub-group-id-IABV2_5" aria-checked="false" role="switch" data-optanongroupid="IABV2_5" class="cookie-subgroup-handler" aria-label="Create a personalised content profile" checked=""> <label class="ot-switch" for="ot-sub-group-id-IABV2_5"><span class="ot-switch-nob"></span> <span class="ot-label-txt">Switch Label</span></label> </div></div><p class="ot-subgrp-desc">A profile can be built about you and your interests to show you personalised content that is relevant to you.</p></li></ul></div><div class="ot-subgrp-cntr"><ul class="ot-subgrps"><li class="ot-subgrp" data-optanongroupid="IABV2_6"><h5>Select personalised content</h5><div class="ot-tgl-cntr ot-subgrp-tgl"><div class="ot-tgl"><input type="checkbox" name="switch" id="ot-sub-group-id-IABV2_6" aria-checked="false" role="switch" data-optanongroupid="IABV2_6" class="cookie-subgroup-handler" aria-label="Select personalised content" checked=""> <label class="ot-switch" for="ot-sub-group-id-IABV2_6"><span class="ot-switch-nob"></span> <span class="ot-label-txt">Switch Label</span></label> </div></div><p class="ot-subgrp-desc">Personalised content can be shown to you based on a profile about you.</p></li></ul></div><div class="ot-subgrp-cntr"><ul class="ot-subgrps"><li class="ot-subgrp" data-optanongroupid="IABV2_7"><h5>Measure ad performance</h5><div class="ot-tgl-cntr ot-subgrp-tgl"><div class="ot-tgl"><input type="checkbox" name="switch" id="ot-sub-group-id-IABV2_7" aria-checked="false" role="switch" data-optanongroupid="IABV2_7" class="cookie-subgroup-handler" aria-label="Measure ad performance" checked=""> <label class="ot-switch" for="ot-sub-group-id-IABV2_7"><span class="ot-switch-nob"></span> <span class="ot-label-txt">Switch Label</span></label> </div></div><p class="ot-subgrp-desc">The performance and effectiveness of ads that you see or interact with can be measured.</p></li></ul></div><div class="ot-subgrp-cntr"><ul class="ot-subgrps"><li class="ot-subgrp" data-optanongroupid="IABV2_8"><h5>Measure content performance</h5><div class="ot-tgl-cntr ot-subgrp-tgl"><div class="ot-tgl"><input type="checkbox" name="switch" id="ot-sub-group-id-IABV2_8" aria-checked="false" role="switch" data-optanongroupid="IABV2_8" class="cookie-subgroup-handler" aria-label="Measure content performance" checked=""> <label class="ot-switch" for="ot-sub-group-id-IABV2_8"><span class="ot-switch-nob"></span> <span class="ot-label-txt">Switch Label</span></label> </div></div><p class="ot-subgrp-desc">The performance and effectiveness of content that you see or interact with can be measured.</p></li></ul></div><div class="ot-subgrp-cntr"><ul class="ot-subgrps"><li class="ot-subgrp" data-optanongroupid="IABV2_9"><h5>Apply market research to generate audience insights</h5><div class="ot-tgl-cntr ot-subgrp-tgl"><div class="ot-tgl"><input type="checkbox" name="switch" id="ot-sub-group-id-IABV2_9" aria-checked="false" role="switch" data-optanongroupid="IABV2_9" class="cookie-subgroup-handler" aria-label="Apply market research to generate audience insights" checked=""> <label class="ot-switch" for="ot-sub-group-id-IABV2_9"><span class="ot-switch-nob"></span> <span class="ot-label-txt">Switch Label</span></label> </div></div><p class="ot-subgrp-desc">Market research can be used to learn more about the audiences who visit sites/apps and view ads.</p></li></ul></div><div class="ot-subgrp-cntr"><ul class="ot-subgrps"><li class="ot-subgrp" data-optanongroupid="IABV2_10"><h5>Develop and improve products</h5><div class="ot-tgl-cntr ot-subgrp-tgl"><div class="ot-tgl"><input type="checkbox" name="switch" id="ot-sub-group-id-IABV2_10" aria-checked="false" role="switch" data-optanongroupid="IABV2_10" class="cookie-subgroup-handler" aria-label="Develop and improve products" checked=""> <label class="ot-switch" for="ot-sub-group-id-IABV2_10"><span class="ot-switch-nob"></span> <span class="ot-label-txt">Switch Label</span></label> </div></div><p class="ot-subgrp-desc">Your data can be used to improve existing systems and software, and to develop new products</p></li></ul></div><div class="ot-vlst-cntr"><button class="ot-link-btn category-vendors-list-handler" aria-label="IAB Vendor Details button opens Vendor List menu" data-parent-id="STACK42" data-di-id="di-id-8d18544e-7ddb52f">List of IAB Vendors‎</button><a href="https://tcf.cookiepedia.co.uk?lang=en" rel="noopener" target="_blank" data-di-id="di-id-5d66a5b6-6edff689">&nbsp;|&nbsp;View Full Legal Text&nbsp;<span class="ot-scrn-rdr">Opens in a new Tab</span></a></div></div></div><div class="ot-accordion-layout ot-cat-item" data-optanongroupid="IABV2_1"><button aria-expanded="false" ot-accordion="true" aria-controls="ot-desc-id-IABV2_1" aria-labelledby="ot-header-id-IABV2_1"></button><!-- Accordion header --><div class="ot-acc-hdr"><div class="ot-plus-minus"><span></span><span></span></div><h4 class="ot-cat-header" id="ot-header-id-IABV2_1">Store and/or access information on a device</h4><div class="ot-tgl"><input type="checkbox" name="ot-group-id-IABV2_1" id="ot-group-id-IABV2_1" aria-checked="true" role="switch" class="category-switch-handler" data-optanongroupid="IABV2_1" checked="" aria-labelledby="ot-header-id-IABV2_1"> <label class="ot-switch" for="ot-group-id-IABV2_1"><span class="ot-switch-nob"></span> <span class="ot-label-txt">Store and/or access information on a device</span></label> </div></div><!-- accordion detail --><div class="ot-acc-grpcntr ot-acc-txt"><p class="ot-acc-grpdesc ot-category-desc" id="ot-desc-id-IABV2_1">Cookies, device identifiers, or other information can be stored or accessed on your device for the purposes presented to you.</p><div class="ot-vlst-cntr"><button class="ot-link-btn category-vendors-list-handler" aria-label="IAB Vendor Details button opens Vendor List menu" data-parent-id="IABV2_1" data-di-id="di-id-8d18544e-7ddb52f">List of IAB Vendors‎</button><a href="https://tcf.cookiepedia.co.uk?lang=en" rel="noopener" target="_blank" data-di-id="di-id-5d66a5b6-6edff689">&nbsp;|&nbsp;View Full Legal Text&nbsp;<span class="ot-scrn-rdr">Opens in a new Tab</span></a></div></div></div><div class="ot-accordion-layout ot-cat-item" data-optanongroupid="ISFV2_1"><button aria-expanded="false" ot-accordion="true" aria-controls="ot-desc-id-ISFV2_1" aria-labelledby="ot-header-id-ISFV2_1"></button><!-- Accordion header --><div class="ot-acc-hdr"><div class="ot-plus-minus"><span></span><span></span></div><h4 class="ot-cat-header" id="ot-header-id-ISFV2_1">Use precise geolocation data</h4><div class="ot-tgl"><input type="checkbox" name="ot-group-id-ISFV2_1" id="ot-group-id-ISFV2_1" aria-checked="true" role="switch" class="category-switch-handler" data-optanongroupid="ISFV2_1" checked="" aria-labelledby="ot-header-id-ISFV2_1"> <label class="ot-switch" for="ot-group-id-ISFV2_1"><span class="ot-switch-nob"></span> <span class="ot-label-txt">Use precise geolocation data</span></label> </div></div><!-- accordion detail --><div class="ot-acc-grpcntr ot-acc-txt"><p class="ot-acc-grpdesc ot-category-desc" id="ot-desc-id-ISFV2_1">Your precise geolocation data can be used in support of one or more purposes. This means your location can be accurate to within several meters.</p><div class="ot-vlst-cntr"><button class="ot-link-btn category-vendors-list-handler" aria-label="IAB Vendor Details button opens Vendor List menu" data-parent-id="ISFV2_1" data-di-id="di-id-8d18544e-7ddb52f">List of IAB Vendors‎</button><a href="https://tcf.cookiepedia.co.uk?lang=en" rel="noopener" target="_blank" data-di-id="di-id-5d66a5b6-6edff689">&nbsp;|&nbsp;View Full Legal Text&nbsp;<span class="ot-scrn-rdr">Opens in a new Tab</span></a></div></div></div><div class="ot-accordion-layout ot-cat-item" data-optanongroupid="ISFV2_2"><button aria-expanded="false" ot-accordion="true" aria-controls="ot-desc-id-ISFV2_2" aria-labelledby="ot-header-id-ISFV2_2"></button><!-- Accordion header --><div class="ot-acc-hdr"><div class="ot-plus-minus"><span></span><span></span></div><h4 class="ot-cat-header" id="ot-header-id-ISFV2_2">Actively scan device characteristics for identification</h4><div class="ot-tgl"><input type="checkbox" name="ot-group-id-ISFV2_2" id="ot-group-id-ISFV2_2" aria-checked="true" role="switch" class="category-switch-handler" data-optanongroupid="ISFV2_2" checked="" aria-labelledby="ot-header-id-ISFV2_2"> <label class="ot-switch" for="ot-group-id-ISFV2_2"><span class="ot-switch-nob"></span> <span class="ot-label-txt">Actively scan device characteristics for identification</span></label> </div></div><!-- accordion detail --><div class="ot-acc-grpcntr ot-acc-txt"><p class="ot-acc-grpdesc ot-category-desc" id="ot-desc-id-ISFV2_2">Your device can be identified based on a scan of your device's unique combination of characteristics.</p><div class="ot-vlst-cntr"><button class="ot-link-btn category-vendors-list-handler" aria-label="IAB Vendor Details button opens Vendor List menu" data-parent-id="ISFV2_2" data-di-id="di-id-8d18544e-7ddb52f">List of IAB Vendors‎</button><a href="https://tcf.cookiepedia.co.uk?lang=en" rel="noopener" target="_blank" data-di-id="di-id-5d66a5b6-6edff689">&nbsp;|&nbsp;View Full Legal Text&nbsp;<span class="ot-scrn-rdr">Opens in a new Tab</span></a></div></div></div><div class="ot-accordion-layout ot-cat-item" data-optanongroupid="ISPV2_1"><button aria-expanded="false" ot-accordion="true" aria-controls="ot-desc-id-ISPV2_1" aria-labelledby="ot-header-id-ISPV2_1"></button><!-- Accordion header --><div class="ot-acc-hdr ot-always-active-group"><div class="ot-plus-minus"><span></span><span></span></div><h4 class="ot-cat-header" id="ot-header-id-ISPV2_1">Ensure security, prevent fraud, and debug</h4><div class="ot-always-active">Always Active</div></div><!-- accordion detail --><div class="ot-acc-grpcntr ot-acc-txt"><p class="ot-acc-grpdesc ot-category-desc" id="ot-desc-id-ISPV2_1">Your data can be used to monitor for and prevent fraudulent activity, and ensure systems and processes work properly and securely.</p><div class="ot-vlst-cntr"><button class="ot-link-btn category-vendors-list-handler" aria-label="IAB Vendor Details button opens Vendor List menu" data-parent-id="ISPV2_1" data-di-id="di-id-8d18544e-7ddb52f">List of IAB Vendors‎</button><a href="https://tcf.cookiepedia.co.uk?lang=en" rel="noopener" target="_blank" data-di-id="di-id-5d66a5b6-6edff689">&nbsp;|&nbsp;View Full Legal Text&nbsp;<span class="ot-scrn-rdr">Opens in a new Tab</span></a></div></div></div><div class="ot-accordion-layout ot-cat-item" data-optanongroupid="ISPV2_2"><button aria-expanded="false" ot-accordion="true" aria-controls="ot-desc-id-ISPV2_2" aria-labelledby="ot-header-id-ISPV2_2"></button><!-- Accordion header --><div class="ot-acc-hdr ot-always-active-group"><div class="ot-plus-minus"><span></span><span></span></div><h4 class="ot-cat-header" id="ot-header-id-ISPV2_2">Technically deliver ads or content</h4><div class="ot-always-active">Always Active</div></div><!-- accordion detail --><div class="ot-acc-grpcntr ot-acc-txt"><p class="ot-acc-grpdesc ot-category-desc" id="ot-desc-id-ISPV2_2">Your device can receive and send information that allows you to see and interact with ads and content.</p><div class="ot-vlst-cntr"><button class="ot-link-btn category-vendors-list-handler" aria-label="IAB Vendor Details button opens Vendor List menu" data-parent-id="ISPV2_2" data-di-id="di-id-8d18544e-7ddb52f">List of IAB Vendors‎</button><a href="https://tcf.cookiepedia.co.uk?lang=en" rel="noopener" target="_blank" data-di-id="di-id-5d66a5b6-6edff689">&nbsp;|&nbsp;View Full Legal Text&nbsp;<span class="ot-scrn-rdr">Opens in a new Tab</span></a></div></div></div><div class="ot-accordion-layout ot-cat-item" data-optanongroupid="IFEV2_1"><button aria-expanded="false" ot-accordion="true" aria-controls="ot-desc-id-IFEV2_1" aria-labelledby="ot-header-id-IFEV2_1"></button><!-- Accordion header --><div class="ot-acc-hdr ot-always-active-group"><div class="ot-plus-minus"><span></span><span></span></div><h4 class="ot-cat-header" id="ot-header-id-IFEV2_1">Match and combine offline data sources</h4><div class="ot-always-active">Always Active</div></div><!-- accordion detail --><div class="ot-acc-grpcntr ot-acc-txt"><p class="ot-acc-grpdesc ot-category-desc" id="ot-desc-id-IFEV2_1">Data from offline data sources can be combined with your online activity in support of one or more purposes</p><div class="ot-vlst-cntr"><button class="ot-link-btn category-vendors-list-handler" aria-label="IAB Vendor Details button opens Vendor List menu" data-parent-id="IFEV2_1" data-di-id="di-id-8d18544e-7ddb52f">List of IAB Vendors‎</button><a href="https://tcf.cookiepedia.co.uk?lang=en" rel="noopener" target="_blank" data-di-id="di-id-5d66a5b6-6edff689">&nbsp;|&nbsp;View Full Legal Text&nbsp;<span class="ot-scrn-rdr">Opens in a new Tab</span></a></div></div></div><div class="ot-accordion-layout ot-cat-item" data-optanongroupid="IFEV2_2"><button aria-expanded="false" ot-accordion="true" aria-controls="ot-desc-id-IFEV2_2" aria-labelledby="ot-header-id-IFEV2_2"></button><!-- Accordion header --><div class="ot-acc-hdr ot-always-active-group"><div class="ot-plus-minus"><span></span><span></span></div><h4 class="ot-cat-header" id="ot-header-id-IFEV2_2">Link different devices</h4><div class="ot-always-active">Always Active</div></div><!-- accordion detail --><div class="ot-acc-grpcntr ot-acc-txt"><p class="ot-acc-grpdesc ot-category-desc" id="ot-desc-id-IFEV2_2">Different devices can be determined as belonging to you or your household in support of one or more of purposes.</p><div class="ot-vlst-cntr"><button class="ot-link-btn category-vendors-list-handler" aria-label="IAB Vendor Details button opens Vendor List menu" data-parent-id="IFEV2_2" data-di-id="di-id-8d18544e-7ddb52f">List of IAB Vendors‎</button><a href="https://tcf.cookiepedia.co.uk?lang=en" rel="noopener" target="_blank" data-di-id="di-id-5d66a5b6-6edff689">&nbsp;|&nbsp;View Full Legal Text&nbsp;<span class="ot-scrn-rdr">Opens in a new Tab</span></a></div></div></div><div class="ot-accordion-layout ot-cat-item" data-optanongroupid="IFEV2_3"><button aria-expanded="false" ot-accordion="true" aria-controls="ot-desc-id-IFEV2_3" aria-labelledby="ot-header-id-IFEV2_3"></button><!-- Accordion header --><div class="ot-acc-hdr ot-always-active-group"><div class="ot-plus-minus"><span></span><span></span></div><h4 class="ot-cat-header" id="ot-header-id-IFEV2_3">Receive and use automatically-sent device characteristics for identification</h4><div class="ot-always-active">Always Active</div></div><!-- accordion detail --><div class="ot-acc-grpcntr ot-acc-txt"><p class="ot-acc-grpdesc ot-category-desc" id="ot-desc-id-IFEV2_3">Your device might be distinguished from other devices based on information it automatically sends, such as IP address or browser type.</p><div class="ot-vlst-cntr"><button class="ot-link-btn category-vendors-list-handler" aria-label="IAB Vendor Details button opens Vendor List menu" data-parent-id="IFEV2_3" data-di-id="di-id-8d18544e-7ddb52f">List of IAB Vendors‎</button><a href="https://tcf.cookiepedia.co.uk?lang=en" rel="noopener" target="_blank" data-di-id="di-id-5d66a5b6-6edff689">&nbsp;|&nbsp;View Full Legal Text&nbsp;<span class="ot-scrn-rdr">Opens in a new Tab</span></a></div></div></div><!-- Groups sections starts --><!-- Group section ends --><!-- Accordion Group section starts --><!-- Accordion Group section ends --></section></div><section id="ot-pc-lst" class="ot-hide ot-hosts-ui ot-pc-scrollbar"><div id="ot-pc-hdr"><div id="ot-lst-title"><button class="ot-link-btn back-btn-handler" aria-label="Back" data-di-id="di-id-2ad1f59d-ca254d8f"><svg id="ot-back-arw" xmlns="http://www.w3.org/2000/svg" xmlns:xlink="http://www.w3.org/1999/xlink" x="0px" y="0px" viewBox="0 0 444.531 444.531" xml:space="preserve" data-di-rand="1700859407579" data-di-res-id="1ab1bf29-89d89e28"><title>Back Button</title><g><path fill="#656565" d="M213.13,222.409L351.88,83.653c7.05-7.043,10.567-15.657,10.567-25.841c0-10.183-3.518-18.793-10.567-25.835
                    l-21.409-21.416C323.432,3.521,314.817,0,304.637,0s-18.791,3.521-25.841,10.561L92.649,196.425
                    c-7.044,7.043-10.566,15.656-10.566,25.841s3.521,18.791,10.566,25.837l186.146,185.864c7.05,7.043,15.66,10.564,25.841,10.564
                    s18.795-3.521,25.834-10.564l21.409-21.412c7.05-7.039,10.567-15.604,10.567-25.697c0-10.085-3.518-18.746-10.567-25.978
                    L213.13,222.409z"></path></g></svg></button><h3>Performance Cookies</h3></div><div class="ot-lst-subhdr"><div class="ot-search-cntr"><p role="status" class="ot-scrn-rdr"></p><label for="vendor-search-handler" class="ot-scrn-rdr"></label> <input id="vendor-search-handler" type="text" name="vendor-search-handler"> <svg xmlns="http://www.w3.org/2000/svg" xmlns:xlink="http://www.w3.org/1999/xlink" x="0px" y="0px" viewBox="0 -30 110 110" aria-hidden="true" data-di-rand="1700859407579" data-di-res-id="a20dd84c-d136e9ce"><title>Search Icon</title><path fill="#2e3644" d="M55.146,51.887L41.588,37.786c3.486-4.144,5.396-9.358,5.396-14.786c0-12.682-10.318-23-23-23s-23,10.318-23,23
            s10.318,23,23,23c4.761,0,9.298-1.436,13.177-4.162l13.661,14.208c0.571,0.593,1.339,0.92,2.162,0.92
            c0.779,0,1.518-0.297,2.079-0.837C56.255,54.982,56.293,53.08,55.146,51.887z M23.984,6c9.374,0,17,7.626,17,17s-7.626,17-17,17
            s-17-7.626-17-17S14.61,6,23.984,6z"></path></svg></div><div class="ot-fltr-cntr"><button id="filter-btn-handler" aria-label="Filter" aria-haspopup="true" data-di-id="#filter-btn-handler"><svg role="presentation" aria-hidden="true" xmlns="http://www.w3.org/2000/svg" xmlns:xlink="http://www.w3.org/1999/xlink" x="0px" y="0px" viewBox="0 0 402.577 402.577" xml:space="preserve" data-di-rand="1700859407579" data-di-res-id="a20dd84c-8c8d5a04"><title>Filter Icon</title><g><path fill="#fff" d="M400.858,11.427c-3.241-7.421-8.85-11.132-16.854-11.136H18.564c-7.993,0-13.61,3.715-16.846,11.136
      c-3.234,7.801-1.903,14.467,3.999,19.985l140.757,140.753v138.755c0,4.955,1.809,9.232,5.424,12.854l73.085,73.083
      c3.429,3.614,7.71,5.428,12.851,5.428c2.282,0,4.66-0.479,7.135-1.43c7.426-3.238,11.14-8.851,11.14-16.845V172.166L396.861,31.413
      C402.765,25.895,404.093,19.231,400.858,11.427z"></path></g></svg></button></div><div id="ot-anchor"></div><section id="ot-fltr-modal"><div id="ot-fltr-cnt"><button id="clear-filters-handler" data-di-id="#clear-filters-handler">Clear</button><div class="ot-fltr-scrlcnt ot-pc-scrollbar"><div class="ot-fltr-opts"><div class="ot-fltr-opt"><div class="ot-chkbox"><input id="chkbox-id" type="checkbox" aria-checked="false" class="category-filter-handler"> <label for="chkbox-id"><span class="ot-label-txt">checkbox label</span></label> <span class="ot-label-status">label</span></div></div></div><div class="ot-fltr-btns"><button id="filter-apply-handler" data-di-id="#filter-apply-handler">Apply</button> <button id="filter-cancel-handler" data-di-id="#filter-cancel-handler">Cancel</button></div></div></div></section></div></div><section id="ot-lst-cnt" class="ot-host-cnt ot-pc-scrollbar"><div id="ot-sel-blk"><div class="ot-sel-all"><div class="ot-sel-all-hdr"><span class="ot-consent-hdr">Consent</span> <span class="ot-li-hdr">Leg.Interest</span></div><div class="ot-sel-all-chkbox"><div class="ot-chkbox" id="ot-selall-hostcntr"><input id="select-all-hosts-groups-handler" type="checkbox" aria-checked="false"> <label for="select-all-hosts-groups-handler"><span class="ot-label-txt">checkbox label</span></label> <span class="ot-label-status">label</span></div><div class="ot-chkbox" id="ot-selall-vencntr"><input id="select-all-vendor-groups-handler" type="checkbox" aria-checked="false"> <label for="select-all-vendor-groups-handler"><span class="ot-label-txt">checkbox label</span></label> <span class="ot-label-status">label</span></div><div class="ot-chkbox" id="ot-selall-licntr"><input id="select-all-vendor-leg-handler" type="checkbox" aria-checked="false"> <label for="select-all-vendor-leg-handler"><span class="ot-label-txt">checkbox label</span></label> <span class="ot-label-status">label</span></div></div></div></div><div class="ot-sdk-row"><div class="ot-sdk-column"><ul id="ot-ven-lst"></ul></div></div></section></section><div class="ot-pc-footer"><div class="ot-btn-container"> <button class="save-preference-btn-handler onetrust-close-btn-handler" data-di-id="di-id-837218c8-8c3e45c6">Confirm My Choices</button></div><!-- Footer logo --><div class="ot-pc-footer-logo"><a href="https://www.onetrust.com/products/cookie-consent/" target="_blank" rel="noopener noreferrer" style="background-image: url(&quot;https://cdn.cookielaw.org/logos/static/poweredBy_ot_logo.svg&quot;);" aria-label="Powered by OneTrust Opens in a new Tab" data-di-id="di-id-c8ae86a8-a5d26b7b"></a></div></div><!-- Cookie subgroup container --><!-- Vendor list link --><!-- Cookie lost link --><!-- Toggle HTML element --><!-- Checkbox HTML --><!-- plus minus--><!-- Arrow SVG element --><!-- Accordion basic element --><span class="ot-scrn-rdr" aria-atomic="true" aria-live="polite"></span><iframe class="ot-text-resize" title="onetrust-text-resize" style="position: absolute; top: -50000px; width: 100em;" aria-hidden="true"></iframe></div></div><script type="text/javascript" id="">window.setTimeout(function(){console.log("GHS PageLoad");var a=window.dataLayer.push({event:"GHS PageLoad"});a=new CustomEvent("GHS pageLoad",{detail:a});window.dispatchEvent(a)},700);</script><script type="text/javascript" id="">window.setTimeout(function(){console.log("GHS PageLoad");var a=window.dataLayer.push({event:"GHS | CriteoListing"});a=new CustomEvent("GHS pageLoad",{detail:a});window.dispatchEvent(a)},1500);</script>

<script type="text/javascript" id="">window.dataLayer=window.dataLayer||[];window.dataLayer.push({originalLocation:document.location.protocol+"//"+document.location.hostname+document.location.pathname+document.location.search,event:"GHS | SPALocation"});</script><script type="text/javascript" id="" src="https://www.dwin1.com/2834.js"></script><script type="text/javascript" id="">!function(b,e,f,g,a,c,d){b.fbq||(a=b.fbq=function(){a.callMethod?a.callMethod.apply(a,arguments):a.queue.push(arguments)},b._fbq||(b._fbq=a),a.push=a,a.loaded=!0,a.version="2.0",a.queue=[],c=e.createElement(f),c.async=!0,c.src=g,d=e.getElementsByTagName(f)[0],d.parentNode.insertBefore(c,d))}(window,document,"script","https://connect.facebook.net/en_US/fbevents.js");fbq("init","4061098800584026");fbq("track","PageView");</script>
<noscript>
  <img height="1" width="1" style="display:none" src="https://www.facebook.com/tr?id=4061098800584026&amp;ev=PageView&amp;noscript=1">
</noscript><script type="text/javascript" id="">!function(d,g,e){d.TiktokAnalyticsObject=e;var a=d[e]=d[e]||[];a.methods="page track identify instances debug on off once ready alias group enableCookie disableCookie".split(" ");a.setAndDefer=function(b,c){b[c]=function(){b.push([c].concat(Array.prototype.slice.call(arguments,0)))}};for(d=0;d<a.methods.length;d++)a.setAndDefer(a,a.methods[d]);a.instance=function(b){b=a._i[b]||[];for(var c=0;c<a.methods.length;c++)a.setAndDefer(b,a.methods[c]);return b};a.load=function(b,c){var f="https://analytics.tiktok.com/i18n/pixel/events.js";
a._i=a._i||{};a._i[b]=[];a._i[b]._u=f;a._t=a._t||{};a._t[b]=+new Date;a._o=a._o||{};a._o[b]=c||{};c=document.createElement("script");c.type="text/javascript";c.async=!0;c.src=f+"?sdkid\x3d"+b+"\x26lib\x3d"+e;b=document.getElementsByTagName("script")[0];b.parentNode.insertBefore(c,b)};a.load("C4ECVKO8LA0ND2JPGDG0");a.page()}(window,document,"ttq");</script><iframe height="0" width="0" style="display: none; visibility: hidden;" src="https://5832323.fls.doubleclick.net/activityi;src=5832323;type=retar0;cat=allpa0;ord=1;num=8820138527377;auiddc=1054077754.1699977041;u10=https%3A%2F%2Fgroceries.asda.com%2Fsearch%2Fmeat-poultry-fish%2Fproducts%3Fpage%3D1;ps=1;pcor=352568829;gtm=45He3b81v810958770;gcd=11l1l1l1l1;dma=0;tcfd=10000;uaa=x86;uab=64;uafvl=Google%2520Chrome%3B119.0.6045.160%7CChromium%3B119.0.6045.160%7CNot%253FA_Brand%3B24.0.0.0;uamb=0;uam=;uap=Windows;uapv=10.0.0;uaw=0;epver=2;~oref=https%3A%2F%2Fgroceries.asda.com%2Fsearch%2Fmeat-poultry-fish%2Fproducts%3Fpage%3D1?"></iframe><script type="text/javascript" id="">(function(a,e,f,g,b,c,d){"undefined"===typeof a.MovableInkTrack&&(a.MovableInkTrack=b,c=e.createElement(f),d=e.getElementsByTagName(f)[0],c.type="text/javascript",c.async=!0,c.src="//"+g+"/p/js/1.js",a[b]=a[b]||function(){(a[b].q=a[b].q||[]).push(arguments)},d.parentNode.insertBefore(c,d))})(window,document,"script","haq81g6w.micpn.com","mitr");</script><script type="text/javascript" id="_aw_script_0" src="https://lantern.roeyecdn.com/lantern_global_2834.min.js"></script><img src="https://t.co/i/adsct?bci=3&amp;eci=2&amp;event_id=bccef65f-a609-4ec8-96d9-95186d792180&amp;events=%5B%5B%22pageview%22%2C%7B%7D%5D%5D&amp;integration=advertiser&amp;p_id=Twitter&amp;p_user_id=0&amp;pl_id=892a3268-4b00-4b6c-8761-72f22e810956&amp;tw_document_href=https%3A%2F%2Fgroceries.asda.com%2Fsearch%2Fmeat-poultry-fish%2Fproducts%3Fpage%3D1&amp;tw_iframe_status=0&amp;tw_order_quantity=0&amp;tw_sale_amount=0&amp;txn_id=o6kbp&amp;type=javascript&amp;version=2.3.29" height="1" width="1" style="display: none;"><img src="https://analytics.twitter.com/i/adsct?bci=3&amp;eci=2&amp;event_id=bccef65f-a609-4ec8-96d9-95186d792180&amp;events=%5B%5B%22pageview%22%2C%7B%7D%5D%5D&amp;integration=advertiser&amp;p_id=Twitter&amp;p_user_id=0&amp;pl_id=892a3268-4b00-4b6c-8761-72f22e810956&amp;tw_document_href=https%3A%2F%2Fgroceries.asda.com%2Fsearch%2Fmeat-poultry-fish%2Fproducts%3Fpage%3D1&amp;tw_iframe_status=0&amp;tw_order_quantity=0&amp;tw_sale_amount=0&amp;txn_id=o6kbp&amp;type=javascript&amp;version=2.3.29" height="1" width="1" style="display: none;"><iframe id="snap1590821" src="https://tr.snapchat.com/cm/i?pid=9ada73d7-cf96-4c9f-979f-502176e69bbd&amp;u_scsid=2b246840-0250-4464-ad3e-f370b6a117fd&amp;u_sclid=3e8f6245-a902-4d60-8da9-23788b5ebedb" style="display: none !important; height: 1px !important; overflow: hidden !important; position: absolute !important; width: 1px !important;"></iframe><script type="text/javascript" id="">window.criteo_q=window.criteo_q||[];var deviceType=/iPad/.test(navigator.userAgent)?"t":/webOS|Mobile|iP(hone|od)|Android|BlackBerry|IEMobile|Silk/.test(navigator.userAgent)?"m":"d";window.criteo_q.push({event:"setAccount",account:44800},{event:"setSiteType",type:deviceType},{event:"viewList",item:google_tag_manager["rm"]["10958770"](28)});</script><div id="batBeacon222809853348" style="width: 0px; height: 0px; display: none; visibility: hidden;"><img id="batBeacon146124465715" width="0" height="0" alt="" src="https://bat.bing.com/action/0?ti=5711106&amp;tm=gtm002&amp;Ver=2&amp;mid=f4d163d0-9319-4072-bbbe-38e14e5bd325&amp;sid=3c03a840893a11eebc2a3105bdfa7dc8&amp;vid=92a6ad50830511ee8dfb379363499c12&amp;vids=0&amp;msclkid=N&amp;uach=pv%3D10.0.0&amp;pi=918639831&amp;lg=en-GB&amp;sw=1436&amp;sh=808&amp;sc=24&amp;tl=Search%20Results%20for%20Meat-poultry-fish%20-%20ASDA%20Groceries&amp;p=https%3A%2F%2Fgroceries.asda.com%2Fsearch%2Fmeat-poultry-fish%2Fproducts%3Fpage%3D1&amp;r=&amp;lt=2329&amp;evt=pageLoad&amp;sv=1&amp;rn=76329" style="width: 0px; height: 0px; display: none; visibility: hidden;"></div><img src="https://lantern.roeye.com/track.php?fingerprint=d4ea09da-33d1-4239-9db5-31df8dff8c41&amp;referrer=&amp;landingpage=https%3A%2F%2Fgroceries.asda.com%2Fsearch%2Fmeat-poultry-fish%2Fproducts%3Fpage%3D1&amp;useragent=Mozilla%2F5.0%20(Windows%20NT%2010.0%3B%20Win64%3B%20x64)%20AppleWebKit%2F537.36%20(KHTML%2C%20like%20Gecko)%20Chrome%2F119.0.0.0%20Safari%2F537.36&amp;site=2834" border="0" height="0" width="0" style="position: absolute; visibility: hidden;"><script src="chrome-extension://gppongmhjkpfnbhagpmjfkannfbllamg/js/js.js"></script><iframe src="https://9c6c9c424dbf74f167d2b613d82c2d3f.safeframe.googlesyndication.com/safeframe/1-0-40/html/container.html" style="visibility: hidden; display: none;"></iframe><iframe height="0" width="0" title="Criteo DIS iframe" style="display: none;"></iframe><iframe src="https://www.google.com/recaptcha/api2/aframe" width="0" height="0" style="display: none;"></iframe><script type="text/javascript" id="">(function(){var a=2750;window.setTimeout(function(){window.dataLayer.push({event:"custom.historyChange",custom:{historyChangeSource:google_tag_manager["rm"]["10958770"](34),newHistoryState:google_tag_manager["rm"]["10958770"](35),oldHistoryState:google_tag_manager["rm"]["10958770"](36),newHistoryFragment:google_tag_manager["rm"]["10958770"](37),oldHistoryFragment:google_tag_manager["rm"]["10958770"](38),newHistorlUrl:google_tag_manager["rm"]["10958770"](39),oldHistorlUrl:google_tag_manager["rm"]["10958770"](40)}})},a)})();</script><script type="text/javascript" id="">window.dataLayer=window.dataLayer||[];window.dataLayer.push({originalLocation:document.location.protocol+"//"+document.location.hostname+document.location.pathname+document.location.search,event:"GHS | SPALocation"});</script><script type="text/javascript" id="" src="https://www.dwin1.com/2834.js"></script><script type="text/javascript" id="">!function(b,e,f,g,a,c,d){b.fbq||(a=b.fbq=function(){a.callMethod?a.callMethod.apply(a,arguments):a.queue.push(arguments)},b._fbq||(b._fbq=a),a.push=a,a.loaded=!0,a.version="2.0",a.queue=[],c=e.createElement(f),c.async=!0,c.src=g,d=e.getElementsByTagName(f)[0],d.parentNode.insertBefore(c,d))}(window,document,"script","https://connect.facebook.net/en_US/fbevents.js");fbq("init","4061098800584026");fbq("track","PageView");</script>
<noscript>
  <img height="1" width="1" style="display:none" src="https://www.facebook.com/tr?id=4061098800584026&amp;ev=PageView&amp;noscript=1">
</noscript><script type="text/javascript" id="">!function(d,g,e){d.TiktokAnalyticsObject=e;var a=d[e]=d[e]||[];a.methods="page track identify instances debug on off once ready alias group enableCookie disableCookie".split(" ");a.setAndDefer=function(b,c){b[c]=function(){b.push([c].concat(Array.prototype.slice.call(arguments,0)))}};for(d=0;d<a.methods.length;d++)a.setAndDefer(a,a.methods[d]);a.instance=function(b){b=a._i[b]||[];for(var c=0;c<a.methods.length;c++)a.setAndDefer(b,a.methods[c]);return b};a.load=function(b,c){var f="https://analytics.tiktok.com/i18n/pixel/events.js";
a._i=a._i||{};a._i[b]=[];a._i[b]._u=f;a._t=a._t||{};a._t[b]=+new Date;a._o=a._o||{};a._o[b]=c||{};c=document.createElement("script");c.type="text/javascript";c.async=!0;c.src=f+"?sdkid\x3d"+b+"\x26lib\x3d"+e;b=document.getElementsByTagName("script")[0];b.parentNode.insertBefore(c,b)};a.load("C4ECVKO8LA0ND2JPGDG0");a.page()}(window,document,"ttq");</script><iframe height="0" width="0" style="display: none; visibility: hidden;" src="https://5832323.fls.doubleclick.net/activityi;src=5832323;type=retar0;cat=allpa0;ord=1;num=9379250970889;auiddc=1054077754.1699977041;u10=https%3A%2F%2Fgroceries.asda.com%2Fsearch%2Fmeat-poultry-fish%2Fproducts%3Fpage%3D2;ps=1;pcor=644836793;gtm=45He3b81v810958770;gcs=G111;gcd=11n1n1l1l5;dma=0;tcfd=10000;uaa=x86;uab=64;uafvl=Google%2520Chrome%3B119.0.6045.160%7CChromium%3B119.0.6045.160%7CNot%253FA_Brand%3B24.0.0.0;uamb=0;uam=;uap=Windows;uapv=10.0.0;uaw=0;epver=2;~oref=https%3A%2F%2Fgroceries.asda.com%2Fsearch%2Fmeat-poultry-fish%2Fproducts%3Fpage%3D2?"></iframe><script type="text/javascript" id="">(function(a,e,f,g,b,c,d){"undefined"===typeof a.MovableInkTrack&&(a.MovableInkTrack=b,c=e.createElement(f),d=e.getElementsByTagName(f)[0],c.type="text/javascript",c.async=!0,c.src="//"+g+"/p/js/1.js",a[b]=a[b]||function(){(a[b].q=a[b].q||[]).push(arguments)},d.parentNode.insertBefore(c,d))})(window,document,"script","haq81g6w.micpn.com","mitr");</script><script type="text/javascript" id="">window.setTimeout(function(){console.log("GHS PageLoad");var a=window.dataLayer.push({event:"GHS | CriteoListing"});a=new CustomEvent("GHS pageLoad",{detail:a});window.dispatchEvent(a)},1500);</script>

<img src="https://t.co/i/adsct?bci=3&amp;eci=2&amp;event_id=7d30820f-ff14-4978-b34a-23715df1f0eb&amp;events=%5B%5B%22pageview%22%2C%7B%7D%5D%5D&amp;integration=advertiser&amp;p_id=Twitter&amp;p_user_id=0&amp;pl_id=892a3268-4b00-4b6c-8761-72f22e810956&amp;tw_document_href=https%3A%2F%2Fgroceries.asda.com%2Fsearch%2Fmeat-poultry-fish%2Fproducts%3Fpage%3D2&amp;tw_iframe_status=0&amp;tw_order_quantity=0&amp;tw_sale_amount=0&amp;txn_id=o6kbp&amp;type=javascript&amp;version=2.3.29" height="1" width="1" style="display: none;"><img src="https://analytics.twitter.com/i/adsct?bci=3&amp;eci=2&amp;event_id=7d30820f-ff14-4978-b34a-23715df1f0eb&amp;events=%5B%5B%22pageview%22%2C%7B%7D%5D%5D&amp;integration=advertiser&amp;p_id=Twitter&amp;p_user_id=0&amp;pl_id=892a3268-4b00-4b6c-8761-72f22e810956&amp;tw_document_href=https%3A%2F%2Fgroceries.asda.com%2Fsearch%2Fmeat-poultry-fish%2Fproducts%3Fpage%3D2&amp;tw_iframe_status=0&amp;tw_order_quantity=0&amp;tw_sale_amount=0&amp;txn_id=o6kbp&amp;type=javascript&amp;version=2.3.29" height="1" width="1" style="display: none;"><script type="text/javascript" id="">window.criteo_q=window.criteo_q||[];var deviceType=/iPad/.test(navigator.userAgent)?"t":/webOS|Mobile|iP(hone|od)|Android|BlackBerry|IEMobile|Silk/.test(navigator.userAgent)?"m":"d";window.criteo_q.push({event:"setAccount",account:44800},{event:"setSiteType",type:deviceType},{event:"viewList",item:google_tag_manager["rm"]["10958770"](54)});</script><iframe height="0" width="0" title="Criteo DIS iframe" style="display: none;"></iframe><script type="text/javascript" id="">(function(){var a=2750;window.setTimeout(function(){window.dataLayer.push({event:"custom.historyChange",custom:{historyChangeSource:google_tag_manager["rm"]["10958770"](60),newHistoryState:google_tag_manager["rm"]["10958770"](61),oldHistoryState:google_tag_manager["rm"]["10958770"](62),newHistoryFragment:google_tag_manager["rm"]["10958770"](63),oldHistoryFragment:google_tag_manager["rm"]["10958770"](64),newHistorlUrl:google_tag_manager["rm"]["10958770"](65),oldHistorlUrl:google_tag_manager["rm"]["10958770"](66)}})},a)})();</script><script type="text/javascript" id="">window.dataLayer=window.dataLayer||[];window.dataLayer.push({originalLocation:document.location.protocol+"//"+document.location.hostname+document.location.pathname+document.location.search,event:"GHS | SPALocation"});</script><script type="text/javascript" id="" src="https://www.dwin1.com/2834.js"></script><script type="text/javascript" id="">!function(b,e,f,g,a,c,d){b.fbq||(a=b.fbq=function(){a.callMethod?a.callMethod.apply(a,arguments):a.queue.push(arguments)},b._fbq||(b._fbq=a),a.push=a,a.loaded=!0,a.version="2.0",a.queue=[],c=e.createElement(f),c.async=!0,c.src=g,d=e.getElementsByTagName(f)[0],d.parentNode.insertBefore(c,d))}(window,document,"script","https://connect.facebook.net/en_US/fbevents.js");fbq("init","4061098800584026");fbq("track","PageView");</script>
<noscript>
  <img height="1" width="1" style="display:none" src="https://www.facebook.com/tr?id=4061098800584026&amp;ev=PageView&amp;noscript=1">
</noscript><script type="text/javascript" id="">!function(d,g,e){d.TiktokAnalyticsObject=e;var a=d[e]=d[e]||[];a.methods="page track identify instances debug on off once ready alias group enableCookie disableCookie".split(" ");a.setAndDefer=function(b,c){b[c]=function(){b.push([c].concat(Array.prototype.slice.call(arguments,0)))}};for(d=0;d<a.methods.length;d++)a.setAndDefer(a,a.methods[d]);a.instance=function(b){b=a._i[b]||[];for(var c=0;c<a.methods.length;c++)a.setAndDefer(b,a.methods[c]);return b};a.load=function(b,c){var f="https://analytics.tiktok.com/i18n/pixel/events.js";
a._i=a._i||{};a._i[b]=[];a._i[b]._u=f;a._t=a._t||{};a._t[b]=+new Date;a._o=a._o||{};a._o[b]=c||{};c=document.createElement("script");c.type="text/javascript";c.async=!0;c.src=f+"?sdkid\x3d"+b+"\x26lib\x3d"+e;b=document.getElementsByTagName("script")[0];b.parentNode.insertBefore(c,b)};a.load("C4ECVKO8LA0ND2JPGDG0");a.page()}(window,document,"ttq");</script><iframe height="0" width="0" style="display: none; visibility: hidden;" src="https://5832323.fls.doubleclick.net/activityi;src=5832323;type=retar0;cat=allpa0;ord=1;num=9352341633312;auiddc=1054077754.1699977041;u10=https%3A%2F%2Fgroceries.asda.com%2Fproduct%2Fpork-chops-steaks%2Fasda-extra-special-yorkshire-bred-pepper-thyme-pork-loin-medallions-400-g%2F1000196707135;ps=1;pcor=155974392;gtm=45He3b81v810958770;gcs=G111;gcd=11n1n1l1l5;dma=0;tcfd=10000;uaa=x86;uab=64;uafvl=Google%2520Chrome%3B119.0.6045.160%7CChromium%3B119.0.6045.160%7CNot%253FA_Brand%3B24.0.0.0;uamb=0;uam=;uap=Windows;uapv=10.0.0;uaw=0;epver=2;~oref=https%3A%2F%2Fgroceries.asda.com%2Fproduct%2Fpork-chops-steaks%2Fasda-extra-special-yorkshire-bred-pepper-thyme-pork-loin-medallions-400-g%2F1000196707135?"></iframe><iframe allow="join-ad-interest-group" data-tagging-id="DC-5832323/retar0/allpa0+unique" data-load-time="1700859405335" height="0" width="0" style="display: none; visibility: hidden;" src="https://td.doubleclick.net/td/fls/rul/activityi;fledge=1;src=5832323;type=retar0;cat=allpa0;ord=1;num=9352341633312;auiddc=1054077754.1699977041;u10=https%3A%2F%2Fgroceries.asda.com%2Fproduct%2Fpork-chops-steaks%2Fasda-extra-special-yorkshire-bred-pepper-thyme-pork-loin-medallions-400-g%2F1000196707135;ps=1;pcor=155974392;gtm=45He3b81v810958770;gcs=G111;gcd=11n1n1l1l5;dma=0;tcfd=10000;uaa=x86;uab=64;uafvl=Google%2520Chrome%3B119.0.6045.160%7CChromium%3B119.0.6045.160%7CNot%253FA_Brand%3B24.0.0.0;uamb=0;uam=;uap=Windows;uapv=10.0.0;uaw=0;epver=2;~oref=https%3A%2F%2Fgroceries.asda.com%2Fproduct%2Fpork-chops-steaks%2Fasda-extra-special-yorkshire-bred-pepper-thyme-pork-loin-medallions-400-g%2F1000196707135?"></iframe><iframe allow="join-ad-interest-group" data-tagging-id="AW-1001599784" data-load-time="1700859405349" height="0" width="0" style="display: none; visibility: hidden;" src="https://td.doubleclick.net/td/rul/1001599784?random=1700859405347&amp;cv=11&amp;fst=1700859405347&amp;fmt=3&amp;bg=ffffff&amp;guid=ON&amp;async=1&amp;gtm=45He3b81v810958770&amp;gcd=11n1n1l1l5&amp;dma=0&amp;tcfd=10000&amp;u_w=1436&amp;u_h=808&amp;url=https%3A%2F%2Fgroceries.asda.com%2Fproduct%2Fpork-chops-steaks%2Fasda-extra-special-yorkshire-bred-pepper-thyme-pork-loin-medallions-400-g%2F1000196707135&amp;hn=www.googleadservices.com&amp;frm=0&amp;tiba=ASDA%20Extra%20Special%20Yorkshire%20Bred%20Pepper%20%26%20Thyme%20Pork%20Loin%20Medallions%20400g%20-%20ASDA%20Groceries&amp;auid=1054077754.1699977041&amp;fledge=1&amp;uaa=x86&amp;uab=64&amp;uafvl=Google%2520Chrome%3B119.0.6045.160%7CChromium%3B119.0.6045.160%7CNot%253FA_Brand%3B24.0.0.0&amp;uamb=0&amp;uap=Windows&amp;uapv=10.0.0&amp;uaw=0"></iframe><script type="text/javascript" id="">(function(a,e,f,g,b,c,d){"undefined"===typeof a.MovableInkTrack&&(a.MovableInkTrack=b,c=e.createElement(f),d=e.getElementsByTagName(f)[0],c.type="text/javascript",c.async=!0,c.src="//"+g+"/p/js/1.js",a[b]=a[b]||function(){(a[b].q=a[b].q||[]).push(arguments)},d.parentNode.insertBefore(c,d))})(window,document,"script","haq81g6w.micpn.com","mitr");</script><script type="text/javascript" id="">window.criteo_q=window.criteo_q||[];var deviceType=/iPad/.test(navigator.userAgent)?"t":/webOS|Mobile|iP(hone|od)|Android|BlackBerry|IEMobile|Silk/.test(navigator.userAgent)?"m":"d";window.criteo_q.push({event:"setAccount",account:44800},{event:"setSiteType",type:deviceType},{event:"viewItem",item:google_tag_manager["rm"]["10958770"](79)});</script><script type="text/javascript" id="" src="https://login.dotomi.com/profile/visit/js/1_0?dtm_cid=83010&amp;dtm_cmagic=3d5cbc&amp;dtm_f
id=5773&amp;dtm_promo_id=5&amp;dtm_user_id=NotLogged&amp;dtmc_department=Meat%2C%20Poultry%20%26%20Fish&amp;dtmc_category=Meat%20%26%20Poultry&amp;dtmc_sub_category=Pork&amp;dtmc_produc
t_id=6638107&amp;dtmc_loc=https%3A%2F%2Fgroceries.asda.com%2Fproduct%2Fpork-chops-steaks%2Fasda-extra-special-yorkshire-bred-pepper-thyme-pork-loin-medallions-400-g%2F1000196707135&amp;cachebuster=273598683"></script><img src="https://t.co/i/adsct?bci=3&amp;eci=2&amp;event_id=792b52e5-ce0f-4cd6-9901-0f2e79543124&amp;events=%5B%5B%22pageview%22%2C%7B%7D%5D%5D&amp;integration=advertiser&amp;p_id=Twitter&amp;p_user_id=0&amp;pl_id=892a3268-4b00-4b6c-8761-72f22e810956&amp;tw_document_href=https%3A%2F%2Fgroceries.asda.com%2Fproduct%2Fpork-chops-steaks%2Fasda-extra-special-yorkshire-bred-pepper-thyme-pork-loin-medallions-400-g%2F1000196707135&amp;tw_iframe_status=0&amp;tw_order_quantity=0&amp;tw_sale_amount=0&amp;txn_id=o6kbp&amp;type=javascript&amp;version=2.3.29" height="1" width="1" style="display: none;"><img src="https://analytics.twitter.com/i/adsct?bci=3&amp;eci=2&amp;event_id=792b52e5-ce0f-4cd6-9901-0f2e79543124&amp;events=%5B%5B%22pageview%22%2C%7B%7D%5D%5D&amp;integration=advertiser&amp;p_id=Twitter&amp;p_user_id=0&amp;pl_id=892a3268-4b00-4b6c-8761-72f22e810956&amp;tw_document_href=https%3A%2F%2Fgroceries.asda.com%2Fproduct%2Fpork-chops-steaks%2Fasda-extra-special-yorkshire-bred-pepper-thyme-pork-loin-medallions-400-g%2F1000196707135&amp;tw_iframe_status=0&amp;tw_order_quantity=0&amp;tw_sale_amount=0&amp;txn_id=o6kbp&amp;type=javascript&amp;version=2.3.29" height="1" width="1" style="display: none;"><iframe height="0" width="0" title="Criteo DIS iframe" style="display: none;"></iframe>

</body><grammarly-desktop-integration data-grammarly-shadow-root="true"></grammarly-desktop-integration><iframe id="__JSBridgeIframe_1.0__" title="jsbridge___JSBridgeIframe_1.0__" style="display: none;"></iframe><iframe id="__JSBridgeIframe_SetResult_1.0__" title="jsbridge___JSBridgeIframe_SetResult_1.0__" style="display: none;"></iframe><iframe id="__JSBridgeIframe__" title="jsbridge___JSBridgeIframe__" style="display: none;"></iframe><iframe id="__JSBridgeIframe_SetResult__" title="jsbridge___JSBridgeIframe_SetResult__" style="display: none;"></iframe><iframe name="goog_topics_frame" src="https://securepubads.g.doubleclick.net/static/topics/topics_frame.html" style="display: none;"></iframe></html>